2144 2852
754 174 929 258 ’ᾗῇ
971 179 1001 252 )
1038 178 1150 255 0(-
1182 169 1369 256 ’ᾔώξοῖ
1802 195 1910 252 1211

201 322 269 374 ac.
303 310 573 387 Apostolis
607 311 888 386 propiori,
935 307 1146 386 semper
1194 308 1452 370 hastenus
1488 309 1824 378 conservato,
1844 316 1907 377 δε

203 388 271 461 ad
302 405 400 446 nos
441 387 609 479 usque
647 403 968 462 propagate,
1919 389 1921 392 ’

223 580 225 582 -
352 537 522 595 XVII.
561 537 665 594 Hae
698 538 860 611 igitur
891 550 977 594 res
1007 549 1118 594 non
1141 551 1207 592 ex
1237 536 1451 612 ingenio
1482 537 1794 600 hominum,
1812 536 1908 609 sed·

203 612 359 671 unice
388 630 455 672 ex
487 612 806 671 revelatione
835 613 964 676 Dei,
997 618 1060 674 &
1086 611 1409 670 institutione
1432 611 1625 671 Christi
1663 614 1905 686 penden-v

202 703 280 746 tes
317 708 443 746 cum
494 688 870 764 quaestionibus
921 688 1175 746 historicis
1223 685 1399 762 potius
1458 692 1812 752 conveniunt,
1845 692 1902 748 in

202 765 400 838 quibus
424 769 560 827 inter
592 762 857 836 discordes
878 764 1308 839 quosdam,utut
1331 766 1466 838 paris
1496 764 1788 829 fidelitatis,
1819 765 1904 840 iu-

202 839 354 916 dicii,
388 859 448 898 ac
486 841 831 902 eruditionis,
869 844 931 900 &
979 844 1230 914 utrinque
1274 839 1588 898 verosimilia
1635 857 1916 899 narrantes,

201 917 435 990 quisque
492 916 722 972 Criticus
782 918 1066 991 antiquiori
1125 913 1334 988 potius,
1380 914 1545 990 quarn
1596 917 1877 974 recentiori
1888 916 1917 982 ,'‘

201 990 488 1066 multoque
530 987 709 1064 potius
754 991 1107 1066 antiquiffimo
1138 993 1200 1050 &
1233 988 1551 1064 Synchrono
1601 994 1654 1050 in
1688 990 1919 1066 compa-f

201 1069 404 1123 ratione
437 1063 731 1130 admodum
781 1067 968 1123 novitii
1014 1067 1298 1141 Scriptoris
1345 1065 1509 1125 fidem
1545 1065 1906 1125 adhibendam

203 1143 378 1199 censet
415 1159 430 1214 3
470 1158 783 1218 quanquam
817 1143 1131 1200 vetustatem
1179 1144 1497 1214 opinionum
1519 1180 1534 1204 ,
1582 1157 1702 1199 utut
1739 1136 1922 1219 aliqua(

200 1219 545 1274 veneratione
592 1214 706 1273 fere
755 1224 976 1291 semper
1014 1217 1264 1292 dignam,
1298 1234 1408 1274 non
1439 1215 1546 1274 elie
1576 1233 1786 1274 certum
1820 1237 1914 1275 ve-

200 1295 362 1349 ritatis
409 1310 789 1368 argumentum
813 1332 827 1355 ‚
878 1293 1008 1349 nihil
1061 1296 1240 1350 verius
1274 1291 1334 1350 fit
1377 1295 1432 1349 in
1468 1292 1809 1366 opinionibus
1840 1293 1917 1356 ad,

201 1366 479 1439 Phyficam
504 1408 520 1432 ,
568 1367 968 1425 Astronomiam
1015 1372 1078 1430 δε
1113 1368 1233 1425 alias
1274 1367 1556 1426 nonnullas
1591 1370 1751 1425 Artes
1790 1367 1919 1444 spe-i

203 1443 467 1500 &antibus
501 1462 516 1503 ε
554 1442 681 1500 cum
716 1442 891 1501 nullus
939 1461 1007 1501 ex
1040 1445 1270 1518 antiquis
1301 1441 1466 1500 fuerit
1517 1440 1624 1500 falli
1679 1443 1906 1507 nescius,

203 1522 300 1647 qui
332 1535 424 1575 eos
453 1519 521 1575 de
540 1522 772 1575 veritate
803 1519 1113 1590 hujusmodi
1146 1520 1466 1591 opinionum
1498 1518 1807 1574 certisfimos
1827 1516 1908 1574 efi-

245 1608 423 1651 ceret:
475 1594 756 1663 Ingenium
783 1596 837 1649 in
869 1594 950 1650 his
972 1594 1126 1650 suum
1150 1595 1349 1665 cuique
1376 1609 1477 1665 pro
1501 1592 1759 1664 Magistro
1783 1608 1911 1656 erat,

204 1685 320 1743 quo
355 1669 675 1735 recentiores
707 1670 811 1723 anti
856 1667 1107 1740 uissaepe
1141 1683 1250 1723 non
1280 1665 1518 1729 cedunt,
1553 1665 1662 1722 imo
1694 1665 1764 1722 illi
1805 1667 1910 1726 istis

204 1759 593 1819 nonnunquam
627 1741 828 1798 antecel
849 1759 939 1797 ere
974 1741 1218 1815 possunt,
1249 1740 1450 1814 majore
1483 1739 1678 1814 nempe
1716 1741 1911 1808 studio,

202 1816 556 1893 pluribusque
578 1854 597 1880 ‚
643 1814 809 1893 quam
843 1822 993 1873 antea
1028 1817 1384 1880 adminiculis,
1414 1815 1731 1890 experientia
1773 1835 1911 1891 prae.

204 1891 620 1955 sertim,suffulti
652 1910 668 1965 3
703 1895 822 1968 quis
861 1911 969 1948 non
1010 1893 1194 1958 videt,
1223 1891 1377 1967 aeque
1427 1893 1480 1948 in
1522 1892 1911 1959 recentiorum,

205 1969 370 2046 quam
392 1971 445 2025 in
475 1984 721 2025 veterum
748 1968 947 2043 placitis
973 1971 1248 2025 veritatem
1274 1966 1455 2024 haberi
1482 1965 1644 2040 posse,
1665 1967 1909 2044 nihilque

202 2045 337 2106 esse,
368 2044 518 2120 quod
552 2044 707 2118 supra
738 2061 836 2102 nos
870 2044 1095 2117 majores
1128 2045 1287 2100 nostri
1318 2042 1410 2098 sibi
1444 2043 1682 2099 tribuere
1714 2045 1906 2117 posfint

205 2120 261 2175 in
293 2118 601 2177 hu‘usmodi
634 2122 918 2176 veritatum
951 2118 1314 2193 inquifitione,
1344 2117 1435 2174 nisi
1469 2116 1618 2193 quod
1656 2135 1914 2187 antenus

206 2138 564 2268 inquilieum,
597 2195 862 2268 nobisque
897 2191 1187 2253 faciliorem
1224 2196 1496 2257 straverint
1528 2195 1667 2248 viam
1704 2193 1768 2252 ad
1820 2213 1911 2252 ve·

207 2270 416 2326 ritatem
449 2268 613 2339 ipsam
636 2269 1002 2327 inveniendam
1040 2270 1076 2328 3.
1140 2270 1332 2344 Qud?
1372 2269 1521 2342 quod
1556 2267 1692 2341 ipsos
1727 2285 1908 2328 recen,

209 2340 710 2404 tiores‚senescentis
744 2360 891 2401 nunc
926 2344 1115 2403 mundi
1152 2343 1466 2419 experientia
1497 2342 1749 2407 moetos,
1780 2347 1912 2403 anti-

208 2423 425 2494 quiores
456 2414 641 2491 potius„
675 2415 752 2473 bis
785 2420 1111 2478 int-Artibus
1144 2439 1202 2480 ac
1234 2421 1394 2478 rebus
1428 2418 1912 2493 compellarelicet,

209 2491 378 2587 quam
435 2509 641 2576 veteres
671 2492 1020 2574 Philosophbs
1063 2494 1201 2573 illius
1247 2494 1579 2556 incunabulis
1611 2497 1915 2571 propiores,

1070 2570 1129 2643 Ω
1693 2571 1842 2649 Qa-
