2144 2852
251 193 366 254 280
818 182 992 261 *ᾗῇ
1038 186 1067 258 )
1106 203 1143 243 0
1179 188 1211 258 (·
1253 184 1426 264 oga&

251 319 369 376 strae
401 327 544 372 curae
582 313 873 372 concrediti
908 313 1059 379 sunt,
1096 317 1152 373 in
1186 314 1462 374 discrimen
1498 317 1799 376 amittendae
1835 317 1968 379 salu,-

254 397 316 451 tis
345 407 556 449 aeternae
589 407 701 446 non
743 391 1112 465 conjiciantur.
1223 393 1522 465 Tolerandi
1560 393 1709 457 sunt,
1744 411 1853 451 non
1893 411 1972 452 ta-

255 486 383 527 men
413 467 584 524 statim
618 463 861 529 facultas,
885 468 1050 542 impie
1082 472 1144 528 &
1174 484 1275 542 pro
1301 469 1475 526 lubitu
1499 486 1708 526 errores
1742 469 1976 527 dissemi-

250 543 450 606 nandi,
493 546 554 603 &
587 541 713 599 alios
752 541 1038 601 seducendi
1078 543 1175 607 inis
1199 546 1285 602 *est
1324 544 1706 602 concedenda:
1746 545 1972 604 toleran-

256 621 313 679 di
341 620 486 680 sunt,
514 616 667 675 simul
698 634 878 676 tamen
905 620 959 675 in
993 621 1140 679 viam,
1159 623 1391 677 veritatis
1424 620 1513 684 ea,
1552 620 1658 694 qua
1693 619 1971 684 decet‚ra-

256 698 401 754 tione
438 693 741 751 revocandi.
820 694 982 751 Dabit
1009 694 1143 769 ergo
1176 712 1706 771 operam‚quantum
1731 695 1841 752 fieri
1871 713 1971 768 po-

257 773 384 835 test,
420 771 665 845 quisquis
699 770 917 844 Imperii
946 769 1175 828 habenas
1206 786 1374 834 tenet,
1405 787 1464 829 ut
1501 772 1734 828 veritatis
1760 775 1823 832 &
1844 772 1971 829 cha-

255 848 421 906 ritatis
456 848 898 903 communionem
926 846 982 901 in
1015 845 1285 918 Religione
1312 847 1398 904 vel
1429 846 1614 904 sartam
1643 845 1837 904 tectam
1867 846 1971 904 ser-

257 939 386 987 vet,
414 920 501 978 vel
532 937 598 977 ex
629 920 749 978 zelo
779 919 1072 978 secundum
1105 921 1378 979 scientiam
1403 928 1463 984 ὃς
1484 921 1971 998 prudentiamean-

259 999 388 1057 dem
427 999 566 1053 inter
604 996 841 1055 subditos
884 996 1103 1055 reducat
1137 1015 1155 1070 3
1192 998 1488 1055 libertatern
1526 994 1969 1056 verosseffiiaenem

262 1073 401 1133 ultra
460 1074 718 1129 terminos
773 1071 1091 1147 Reipublicae
1139 1077 1201 1134 &
1248 1072 1489 1131 Ecclefiae
1527 1071 1723 1148 positos
1759 1076 1970 1147 evagari
2008 1144 2011 1146 ι

259 1166 372 1207 non
406 1149 664 1222 patiatur,
686 1146 799 1221 quo
826 1165 937 1205 non
976 1144 1182 1205 tantum
1218 1166 1310 1205 eos
1349 1150 1530 1206 beatos
1563 1150 1621 1205 in
1656 1147 1797 1206 civili
1834 1150 1970 1214 vita,

260 1223 352 1283 sed
387 1225 544 1280 etiam
569 1237 780 1279 aeternae
815 1223 1152 1281 beatitudinis
1182 1221 1334 1282 faciat
1364 1223 1648 1282 consortes·

393 1375 575 1445 Atque
604 1369 718 1427 haec
746 1369 980 1428 dedufi'ca
1016 1369 1271 1428 hactenus
1300 1370 1423 1429 sunt
1453 1387 1520 1428 ex
1551 1370 1708 1429 solius
1739 1374 1970 1433 veritatis

263 1447 438 1506 studio
473 1446 580 1502 fine
615 1446 722 1502 ulla
758 1446 1019 1503 charitatis
1051 1443 1281 1509 offensa,
1311 1464 1488 1522 neque
1528 1462 1673 1504 extra
1705 1445 1966 1521 sphaeram

263 1525 551 1583 Sacrorum
575 1520 892 1584 Canonum‚
917 1520 1215 1579 secundum
1241 1539 1380 1597 quos
1402 1521 1626 1579 Ecclesia
1650 1538 1759 1579 nou
1794 1523 1969 1582 minus

262 1602 400 1657 circa
419 1595 716 1660 credenda,
737 1595 902 1671 quarn
942 1595 1174 1670 agenda,
1215 1599 1271 1654 in
1303 1597 1475 1654 salutis
1510 1613 1717 1654 aeternae
1751 1602 1966 1673 negotio

264 1691 373 1734 tam
406 1673 543 1731 sacra
565 1671 654 1730 sua
686 1671 881 1746 iudicia
901 1709 920 1736 ,
950 1670 1117 1746 quam
1151 1672 1358 1730 sacrum
1390 1675 1677 1747 imperium
1715 1674 1966 1750 explicat,

601 1746 699 1807 sub
739 1747 895 1824 cujus
929 1746 1148 1805 censura
1184 1747 1513 1813 differt-atum
1549 1749 1625 1807 est

896 1875 1329 1938 TANTUM.
