2144 2852
717 179 894 272 etth
935 180 966 270 ’)
1002 193 1105 270 ο(
1151 176 1327 274 *aa
1777 196 1902 272 *2421

174 314 522 388 -liajediffis
556 323 997 399 pacificationum
1044 325 1226 400 postea
1276 324 1476 401 sopita,
1517 323 1672 401 queis
1707 321 1780 381 ita
1818 324 1908 383 illa

203 401 423 458 exulare
457 398 589 474 jufla
626 397 761 464 fuit,
801 418 865 459 ut
904 401 1120 459 nullum
1164 401 1280 477 ejus
1330 403 1623 476 vestigium
1673 399 1910 475 ampliiis

205 475 446 550 superfit.
561 474 622 532 ln
656 478 894 534 nostram
929 476 1060 534 vero
1091 478 1470 539 Germaniam,
1495 477 1610 533 haec
1639 491 1766 533 utut
1797 476 1908 533 Le-

205 551 371 626 gibus
405 555 466 612 &
493 551 969 610 constitutionibus
1005 552 1258 610 civilibus
1287 553 1636 627 imperatoris
1670 550 1909 608 Frideri-

205 628 306 683 rici
334 627 400 685 ΙΙ.
427 627 646 701 stipata,
662 623 889 703 ejusque
915 627 1243 697 authoritate
1263 624 1426 690 fulta,
1456 642 1742 702 penetrare
1770 644 1908 684 nun-

180 719 377 778 ‘quam
398 705 636 777 potuit=5
672 703 809 759 Non
826 706 976 760 enim
1006 704 1185 760 omnis
1219 703 1576 778 Reipublicae,
1600 702 1712 759 five
1731 701 1813 759 Im
1857 704 1909 760 e'-

205 779 273 833 rii
289 778 437 834 Cura
457 779 514 833 in
537 778 899 852 Imperatore,
922 794 1047 836 utut
1069 779 1299 836 Summo
1313 778 1535 852 Capite,
1559 777 1674 834 solo
1696 777 1795 833 resi
1833 779 1908 840 et,

205 852 375 925 sedin
408 852 570 927 plura
602 854 796 928 Capita
814 889 830 916 ‚
861 870 973 911 tam
1003 853 1243 929 majora,
1278 915 1283 921 ,
1308 853 1436 910 uam
1459 856 1673 911 minora
1704 852 1911 916 ibidem

184 927 380 985 -divifa
402 945 463 984 ac
485 926 764 1003 dispertita
780 928 1134 1005 dignoscitur.
1206 930 1260 989 A
1320 928 1436 986 haec
1449 929 1775 993 Germanica
1797 946 1912 1000 cer-

184 1003 261 1075 f-te
292 1003 466 1060 Natio
480 1037 496 1066 ‚
536 1002 618 1060 uti
648 1008 709 1065 &
745 1018 957 1063 coeterae
993 1004 1450 1079 septentrionales
1487 1002 1654 1061 serius
1683 1002 1713 1060 {i
1745 1005 1910 1079 Paga-

205 1081 386 1134 nismo
409 1078 615 1135 ad'fidei
626 1078 943 1137 Christianae
955 1083 1241 1138 veritatem
1263 1079 1510 1137 adduffcae
1522 1115 1538 1142 2
1550 1094 1703 1136 extra
1718 1081 1910 1137 aestum

206 1153 366 1209 illum
398 1151 471 1209 ita
503 1152 661 1211 diaae
679 1152 1114 1218 reformationis,
1134 1154 1422 1214 incubante
1454 1158 1516 1216 &
1551 1151 1912 1213 fermentante

207 1229 365 1303 gravi
399 1244 521 1284 tum
551 1233 818 1304 temporis
849 1231 1181 1305 ignorantia,
1218 1235 1280 1292 &
1305 1248 1530 1287 morum
1567 1232 1624 1285 in
1660 1229 1827 1302 Clero
1851 1234 1913 1291 &

194 1303 420 1377 populo
441 1301 786 1362 diffolutione
799 1341 815 1368 ,
841 1305 1131 1363 subitaneis
1153 1303 1268 1363 fere
1303 1305 1545 1363 motibus
1566 1302 1798 1370 diffi1sae‚
1811 1307 1913 1363 mi-

205 1376 309 1435 nus
344 1377 556 1453 semper
589 1382 649 1436 in
682 1379 934 1444 haeresin,
1014 1380 1143 1438 uam
1176 1384 1234 1438 in
1257 1380 1723 1456 superstitionem,
1750 1397 1916 1456 atque

207 1454 264 1508 in
315 1452 590 1510 laxitatem
643 1456 866 1526 moralis
902 1456 975 1513 do
1033 1458 1164 1512 rinae
1201 1456 1473 1531 proclivis
1508 1453 1631 1512 fuit.
1731 1456 1915 1517 Unde

205 1527 402 1602 majori
431 1527 790 1604 sollicitudine
818 1530 1126 1587 cavendum
1149 1546 1262 1586 erat
1279 1565 1294 1592 ‚
1318 1548 1387 1585 ne
1407 1530 1663 1586 evitando
1683 1530 1913 1605 charyb-

208 1602 325 1659 dim
344 1637 359 1663 ‚
388 1604 444 1657 in
474 1602 680 1676 Scyllas
712 1604 1082 1661 incideretur:
1161 1606 1287 1660 Nec
1319 1604 1489 1660 alium
1523 1603 1689 1678 hujus
1710 1607 1914 1680 rigoris

206 1675 496 1738 effeEtum‚
535 1675 702 1751 quam
748 1677 936 1734 turbas
983 1682 1046 1738 &
1092 1677 1379 1735 seditiones
1409 1678 1640 1754 Belgicis
1675 1678 1913 1746 similes,

204 1751 423 1826 >sperare
459 1751 703 1826 permisit
735 1755 984 1809 nativum
1006 1752 1142 1810 illud
1175 1754 1462 1812 Germanis
1492 1756 1670 1811 omnis
1698 1757 1912 1814 novita-

209 1831 279 1884 tis
319 1827 549 1888 odium‚
601 1843 760 1883 tenax
797 1826 1096 1884 Libertatis
1147 1827 1255 1884 suae
1293 1828 1508 1885 tuendae
1541 1829 1813 1893 studium,
1852 1836 1914 1893 &

206 1905 516 1976 guerriera‚
540 1901 807 1978 bellisque
835 1901 1033 1959 assueta
1064 1902 1291 1960 indoles.
1369 1903 1559 1960 Hodie
1582 1904 1745 1968 vero,
1764 1903 1913 1964 'salva

133 2032 138 2036 .
210 1976 318 2034 fide
352 1975 576 2055 publica
605 1977 1030 2034 Protestantibus
1058 1977 1206 2042 data,
1239 1977 1372 2054 qua,
1392 1978 1782 2037 inviolabiliter
1805 1983 1912 2040 uti-

210 2071 322 2128 que
349 2051 634 2113 servanda,
656 2051 794 2108 liber
826 2053 1074 2109 transitus
1110 2053 1178 2109 ab
1200 2071 1310 2110 una
1333 2071 1403 2110 ex
1433 2053 1608 2111 tribus
1640 2056 1697 2112 in
1732 2055 1911 2132 Impe-

211 2130 296 2184 rio
335 2129 566 2202 receptis
599 2127 974 2202 Religionibus
996 2126 1064 2185 ad
1083 2128 1243 2185 aliam
1268 2131 1577 2204 cuicunque
1599 2131 1812 2206 integer
1832 2131 1909 2190 ibi

210 2205 576 2278 permittitur,
607 2201 1089 2275 imprafficabilem
1118 2202 1342 2279 prorsus
1376 2202 1478 2260 esse
1515 2203 1634 2279 ejus
1663 2206 1912 2265 introdu-

209 2277 476 2339 E’tionem,
499 2279 703 2333 nemini
732 2294 844 2334 non
879 2279 1100 2336 constat.
1177 2278 1284 2337 Sed
1319 2283 1380 2340 ὅ(
1416 2277 1482 2341 fi,
1504 2279 1911 2354 praescindendo

209 2352 242 2408 fi
268 2350 732 2427 pacificationibus
760 2353 995 2425 Publicis
1018 2354 1313 2429 Religionis
1340 2354 1497 2411 causa
1521 2357 1694 2418 initis,
1717 2355 1907 2415 adver-

210 2423 296 2482 sus
331 2443 503 2482 novas
550 2425 773 2500 prorsus
820 2427 1092 2486 doarinas
1139 2427 1257 2504 ejus
1307 2428 1673 2487 inveffionem
1715 2435 1908 2490 tentari

211 2503 551 2576 contingeret
572 2518 589 2575 3
620 2501 734 2560 haec
750 2502 1090 2638 Religioneff
1099 2503 1450 2636 l(llatholicam
1469 2504 1655 2584 reapse
1677 2508 1916 2642 niaxime

697 2597 709 2619 ‚1
1458 2604 1461 2613 .,
1528 2611 1535 2613 ,,
1752 2600 1858 2640 ro«
1887 2598 1892 2614 ,-
