2144 2852
237 203 344 270 192
791 186 1469 270 ἔρεξ’)οωὲῡῷ-

232 322 305 378 ob
339 319 592 394 majorem
628 324 689 382 &
723 321 1042 396 ampliorem
1073 321 1390 396 cognitionis
1424 318 1600 376 lucem
1632 318 1932 378 cumulatis-,-

231 394 361 452 sime
394 395 546 452 nobis
582 392 830 461 affusam,
853 413 972 454 tum
1001 397 1250 453 uberiora
1286 397 1443 454 etiam
1473 397 1760 469 gratiarum
1789 397 1935 457 auxi-

232 470 342 533 lia,
392 469 655 544 majorum
698 471 749 528 se
797 471 1183 546 suppliciorum
1229 487 1349 527 reos
1389 471 1740 533 constituunt,
1771 468 1935 544 quam

233 544 460 603 Gentilis
493 546 720 620 quilibet
740 546 978 620 ejusdem
1015 545 1181 620 Legis
1211 542 1571 619 transgressor.

399 693 545 751 XIX.
581 693 841 753 Praeterea-
868 694 999 754 ficut
1035 693 1336 753 observatio
1365 693 1531 768 Legis
1561 693 1769 751 Divinae
1801 689 1940 769 posi-.-

233 770 358 827 tivae
392 769 546 826 nobis
578 769 643 826 ad
694 769 856 828 finem
893 771 1136 829 nostrum
1175 769 1650 845 supernaturalem,
1686 784 1939 826 aeternam

234 843 426 902 scilicet
459 845 841 902 beatitudinem
878 844 1128 922 proficit3
1163 844 1233 902 ita
1271 846 1431 901 etiam
1468 843 1764 902 observatio
1800 843 1942 916 eius-

234 920 363 977 dem
403 918 566 993 Legis
602 919 869 978 Naturalis
914 921 1024 978 hoc
1055 919 1209 995 pacilo
1245 937 1346 995 per
1376 918 1726 992 Evangelium
1779 917 1943 975 subli-

232 1012 415 1056 macae,
453 999 514 1056 &
547 993 802 1054 divinitus
829 997 1197 1058 Canonizatae‚
1222 1011 1478 1052 movente
1508 991 1733 1068 Spiritfis
1761 990 1940 1054 Sanffi

231 1069 478 1126 instinctu
515 1073 577 1130 &
609 1069 815 1128 lumine
848 1070 971 1128 fidei
1007 1069 1268 1144 dirigente
1306 1068 1630 1143 adimpletae‚
1681 1068 1748 1129 ad
1784 1083 1940 1127 atter-

233 1161 360 1201 nam
393 1162 453 1200 ac
487 1144 936 1218 supernaturalem
976 1144 1359 1202 beatitudinem
1398 1143 1676 1201 hominem
1707 1141 1943 1206 deducit,

237 1217 358 1276 Lex
377 1220 520 1273 enim
544 1235 699 1275 vetus
723 1218 1017 1276 secundum
1041 1220 1247 1276 literam
1275 1219 1420 1274 suam
1446 1217 1670 1293 spectata
1706 1216 1823 1274 solis
1848 1231 1942 1272 aut

238 1291 675 1366 promistionibus
685 1294 1060 1365 temporalium
1076 1294 1363 1355 bonorum,
1376 1308 1466 1348 aut
1488 1308 1769 1365 peenarum
1783 1290 1942 1347 minis

238 1366 390 1426 velut
421 1366 731 1439 crepundiis
769 1366 992 1441 Judaeos
1033 1383 1285 1440 tanquam
1320 1382 1519 1439 pueros
1555 1370 1617 1426 &
1649 1364 1810 1422 rudes
1843 1363 1940 1422 sub

236 1439 536 1515 paedagogo
566 1442 842 1497 existentes
876 1440 1164 1513 servosque
1193 1439 1260 1496 ad
1291 1440 1532 1514 ejusdem
1555 1438 1940 1496 observantiam
1969 1499 1973 1502 ,

239 1515 496 1572 excitabat
530 1531 544 1571 ε
618 1516 738 1571 Lex
772 1529 952 1571 autem
987 1532 1127 1571 nova
1164 1514 1381 1571 suorum
1427 1531 1822 1588 praeceptorum
1853 1512 1943 1570 vel

238 1589 468 1648 maxime
490 1589 773 1647 moralium
810 1589 1234 1647 observationem
1265 1591 1319 1646 in
1357 1588 1689 1652 Christianis,
1711 1587 1859 1646 velut
1881 1587 1942 1645 fi-

236 1666 346 1801 Fir}¹3
359 1663 674 1723 haereditatis
694 1664 966 1726 bonorum
988 1679 1315 1724 aeternorum
1333 1663 1424 1740 spe
1446 1679 1764 1739 promovet,
1783 1679 1944 1739 atque

229 1761 233 1766 ·
263 1757 299 1797 u
345 1754 503 1798 entat.

368 1889 490 1946 XX.
529 1888 668 1948 Illud
701 1890 868 1964 igitur
906 1890 1209 1949 mirandum
1247 1889 1476 1947 maxime
1509 1890 1598 1954 est,
1640 1888 1789 1966 quod
1826 1888 1949 1963 post

243 1979 441 2023 tantam
464 1965 739 2040 Evangelii
763 1965 969 2029 lucem,
987 1966 1246 2023 moralem
1270 1964 1410 2021 illam
1430 1965 1728 2023 doctrinam
1752 1969 1814 2024 δε
1840 1963 1945 2021 Le-

243 2043 325 2113 gis
355 2040 627 2097 Naturalis
659 2057 924 2115 praecepta
953 2043 1245 2098 etiamnum
1268 2039 1334 2096 ad
1358 2039 1518 2096 solam
1546 2039 1796 2100 humanae
1817 2055 1947 2112 pru·
2000 2062 2005 2066 ·

245 2115 436 2171 dentiae
471 2112 696 2172 faculam
746 2115 1007 2173 Doctores
1044 2117 1203 2171 etiam
1235 2113 1517 2170 Christiani
1562 2112 1822 2170 discutere
1853 2131 1948 2170 ve-

243 2188 343 2245 lint
377 2194 439 2249 &
488 2194 789 2248 examinare
835 2190 1048 2247 summo
1083 2206 1207 2247 cum
1241 2188 1423 2246 labore
1452 2188 1584 2251 suo,
1620 2205 1735 2263 quo
1767 2204 1945 2248 tamen

243 2263 485 2320 Christus
515 2264 625 2339 ipse
660 2264 867 2323 1)οᾶοτ
897 2264 1074 2321 noster
1103 2269 1165 2324 &
1197 2265 1451 2338 Magister
1476 2263 1819 2323 amantissime
1847 2281 1947 2322 nos

242 2338 516 2396 eliberavit
553 2355 568 2397 :
639 2339 990 2402 Mirandum,
1025 2338 1176 2413 quod
1199 2375 1218 2401 ,
1253 2340 1534 2413 postquam
1566 2339 1946 2413 patentissimus

246 2415 525 2476 omnium,
547 2414 971 2488 limpidissimus,
997 2418 1060 2473 &
1087 2411 1530 2487 profundissimus
1563 2412 1712 2477 fons,
1744 2430 1808 2474 ex
1831 2431 1946 2487 quo

245 2486 284 2561 J
289 2489 395 2545 uris
442 2489 666 2550 Naturae
695 2489 902 2549 scientia
931 2488 1247 2560 hauriatur,
1292 2505 1432 2551 extat
1462 2489 1618 2555 Sacra
1650 2489 1946 2617 Scriptplra,

1800 2577 1830 2616 a
