<?xml version="1.0" encoding="UTF-8"?>
<!DOCTYPE html PUBLIC "-//W3C//DTD XHTML 1.0 Transitional//EN"
    "http://www.w3.org/TR/xhtml1/DTD/xhtml1-transitional.dtd">
<html xmlns="http://www.w3.org/1999/xhtml" xml:lang="en" lang="en">
 <head>
  <title>
</title>
<meta http-equiv="Content-Type" content="text/html;charset=utf-8" />
  <meta name='ocr-system' content='tesseract 3.04.00' />
  <meta name='ocr-capabilities' content='ocr_page ocr_carea ocr_par ocr_line ocrx_word'/>
</head>
<body>
  <div class='ocr_page' id='page_1' title='image "./dissertatioprior00bartuoft_0148.png"; bbox 0 0 2144 2852; ppageno 0'>
   <div class='ocr_carea' id='block_1_1' title="bbox 227 220 1390 310">
    <p class='ocr_par' dir='ltr' id='par_1_1' title="bbox 227 220 1390 310">
     <span class='ocr_line' id='line_1_1' title="bbox 227 220 1390 310; baseline 0.014 -15"><span class='ocrx_word' id='word_1_1' title='bbox 227 245 339 310; x_wconf 81' lang='lat'>134</span> <span class='ocrx_word' id='word_1_2' title='bbox 779 220 1390 310; x_wconf 45' lang='grc' dir='ltr'>ἕψῡὲθ)ῡ(ᾣθέἳ</span> 
     </span>
    </p>
   </div>
   <div class='ocr_carea' id='block_1_2' title="bbox 222 358 1962 2683">
    <p class='ocr_par' dir='ltr' id='par_1_2' title="bbox 222 358 1962 2683">
     <span class='ocr_line' id='line_1_2' title="bbox 224 358 1934 437; baseline 0.002 -16"><span class='ocrx_word' id='word_1_3' title='bbox 224 373 382 431; x_wconf 78' lang='lat' dir='ltr'>„vate</span> <span class='ocrx_word' id='word_1_4' title='bbox 419 368 478 425; x_wconf 75' lang='grc' dir='ltr'>δι</span> <span class='ocrx_word' id='word_1_5' title='bbox 512 360 703 420; x_wconf 83' lang='lat' dir='ltr'>facite:</span> <span class='ocrx_word' id='word_1_6' title='bbox 746 361 1041 421; x_wconf 62' lang='lat' dir='ltr'>secundom</span> <span class='ocrx_word' id='word_1_7' title='bbox 1074 378 1236 437; x_wconf 79' lang='lat' dir='ltr'>opera</span> <span class='ocrx_word' id='word_1_8' title='bbox 1272 361 1402 422; x_wconf 71' lang='lat' dir='ltr'>vero</span> <span class='ocrx_word' id='word_1_9' title='bbox 1436 373 1626 421; x_wconf 85' lang='lat' dir='ltr'>eorum</span> <span class='ocrx_word' id='word_1_10' title='bbox 1661 358 1824 421; x_wconf 76' lang='lat' dir='ltr'>&#39;nolite</span> <span class='ocrx_word' id='word_1_11' title='bbox 1859 363 1934 424; x_wconf 62' lang='lat' dir='ltr'>faa</span> 
     </span>
     <span class='ocr_line' id='line_1_3' title="bbox 223 436 1936 506; baseline 0.001 -9"><span class='ocrx_word' id='word_1_12' title='bbox 223 449 396 506; x_wconf 70' lang='lat' dir='ltr'>„cere</span> <span class='ocrx_word' id='word_1_13' title='bbox 471 440 669 496; x_wconf 89' lang='lat' dir='ltr'>Dicunt</span> <span class='ocrx_word' id='word_1_14' title='bbox 703 442 881 504; x_wconf 88' lang='lat' dir='ltr'>enim,</span> <span class='ocrx_word' id='word_1_15' title='bbox 916 446 977 501; x_wconf 83' lang='lat'>&amp;</span> <span class='ocrx_word' id='word_1_16' title='bbox 999 455 1109 496; x_wconf 87' lang='lat' dir='ltr'>non</span> <span class='ocrx_word' id='word_1_17' title='bbox 1131 436 1401 502; x_wconf 63' lang='lat' dir='ltr'>facium„</span> <span class='ocrx_word' id='word_1_18' title='bbox 1455 440 1656 497; x_wconf 77' lang='lat' dir='ltr'>‘Omnia</span> <span class='ocrx_word' id='word_1_19' title='bbox 1692 443 1836 496; x_wconf 88' lang='lat' dir='ltr'>enim</span> <span class='ocrx_word' id='word_1_20' title='bbox 1873 440 1936 498; x_wconf 86' lang='lat' dir='ltr'>il-</span> 
     </span>
     <span class='ocr_line' id='line_1_4' title="bbox 222 514 1938 590; baseline 0 -17"><span class='ocrx_word' id='word_1_21' title='bbox 222 516 273 573; x_wconf 90' lang='lat' dir='ltr'>la</span> <span class='ocrx_word' id='word_1_22' title='bbox 307 518 431 573; x_wconf 90' lang='lat' dir='ltr'>vitia</span> <span class='ocrx_word' id='word_1_23' title='bbox 457 515 535 572; x_wconf 78' lang='lat' dir='ltr'>uti</span> <span class='ocrx_word' id='word_1_24' title='bbox 567 514 843 589; x_wconf 82' lang='lat' dir='ltr'>singularia</span> <span class='ocrx_word' id='word_1_25' title='bbox 874 515 993 573; x_wconf 86' lang='lat' dir='ltr'>sunt</span> <span class='ocrx_word' id='word_1_26' title='bbox 1024 519 1086 576; x_wconf 87' lang='lat'>&amp;</span> <span class='ocrx_word' id='word_1_27' title='bbox 1114 516 1451 590; x_wconf 83' lang='lat' dir='ltr'>peccantibus</span> <span class='ocrx_word' id='word_1_28' title='bbox 1484 519 1730 590; x_wconf 83' lang='lat' dir='ltr'>propria,</span> <span class='ocrx_word' id='word_1_29' title='bbox 1763 515 1832 572; x_wconf 72' lang='lat' dir='ltr'>ita</span> <span class='ocrx_word' id='word_1_30' title='bbox 1858 516 1938 574; x_wconf 85' lang='lat' dir='ltr'>se-</span> 
     </span>
     <span class='ocr_line' id='line_1_5' title="bbox 224 588 1936 666; baseline -0.001 -16"><span class='ocrx_word' id='word_1_31' title='bbox 224 593 303 650; x_wconf 89' lang='lat' dir='ltr'>los</span> <span class='ocrx_word' id='word_1_32' title='bbox 344 591 479 666; x_wconf 86' lang='lat' dir='ltr'>ipsos</span> <span class='ocrx_word' id='word_1_33' title='bbox 507 588 746 648; x_wconf 86' lang='lat' dir='ltr'>efficiunt</span> <span class='ocrx_word' id='word_1_34' title='bbox 784 591 980 655; x_wconf 86' lang='lat' dir='ltr'>malos,</span> <span class='ocrx_word' id='word_1_35' title='bbox 1014 608 1123 647; x_wconf 90' lang='lat' dir='ltr'>non</span> <span class='ocrx_word' id='word_1_36' title='bbox 1157 609 1336 649; x_wconf 89' lang='lat' dir='ltr'>autem</span> <span class='ocrx_word' id='word_1_37' title='bbox 1371 607 1546 649; x_wconf 89' lang='lat' dir='ltr'>totum</span> <span class='ocrx_word' id='word_1_38' title='bbox 1581 591 1796 666; x_wconf 87' lang='lat' dir='ltr'>Corpus</span> <span class='ocrx_word' id='word_1_39' title='bbox 1833 592 1936 649; x_wconf 88' lang='lat' dir='ltr'>Ec-</span> 
     </span>
     <span class='ocr_line' id='line_1_6' title="bbox 224 666 1936 742; baseline -0.001 -17"><span class='ocrx_word' id='word_1_40' title='bbox 224 667 417 730; x_wconf 81' lang='lat' dir='ltr'>ciesiae,</span> <span class='ocrx_word' id='word_1_41' title='bbox 445 685 569 742; x_wconf 80' lang='lat' dir='ltr'>quae</span> <span class='ocrx_word' id='word_1_42' title='bbox 600 669 654 723; x_wconf 89' lang='lat' dir='ltr'>in</span> <span class='ocrx_word' id='word_1_43' title='bbox 689 669 843 726; x_wconf 83' lang='lat' dir='ltr'>terris</span> <span class='ocrx_word' id='word_1_44' title='bbox 864 706 882 732; x_wconf 92' lang='lat'>,</span> <span class='ocrx_word' id='word_1_45' title='bbox 929 668 1022 724; x_wconf 90' lang='lat' dir='ltr'>ubi</span> <span class='ocrx_word' id='word_1_46' title='bbox 1060 666 1272 731; x_wconf 89' lang='lat' dir='ltr'>militat,</span> <span class='ocrx_word' id='word_1_47' title='bbox 1306 684 1587 740; x_wconf 84' lang='lat' dir='ltr'>nunquam</span> <span class='ocrx_word' id='word_1_48' title='bbox 1623 679 1731 723; x_wconf 85' lang='lat' dir='ltr'>non</span> <span class='ocrx_word' id='word_1_49' title='bbox 1767 684 1936 738; x_wconf 89' lang='lat' dir='ltr'>mem-</span> 
     </span>
     <span class='ocr_line' id='line_1_7' title="bbox 224 742 1938 818; baseline -0.001 -17"><span class='ocrx_word' id='word_1_50' title='bbox 224 744 336 801; x_wconf 86' lang='lat' dir='ltr'>bris</span> <span class='ocrx_word' id='word_1_51' title='bbox 365 745 519 817; x_wconf 85' lang='lat' dir='ltr'>aegris</span> <span class='ocrx_word' id='word_1_52' title='bbox 558 743 715 818; x_wconf 78' lang='lat' dir='ltr'>aeque</span> <span class='ocrx_word' id='word_1_53' title='bbox 735 781 754 806; x_wconf 86' lang='lat'>,</span> <span class='ocrx_word' id='word_1_54' title='bbox 784 762 844 801; x_wconf 85' lang='lat' dir='ltr'>ac</span> <span class='ocrx_word' id='word_1_55' title='bbox 888 743 1016 801; x_wconf 86' lang='lat' dir='ltr'>sanis</span> <span class='ocrx_word' id='word_1_56' title='bbox 1046 743 1329 807; x_wconf 86' lang='lat' dir='ltr'>constabit,</span> <span class='ocrx_word' id='word_1_57' title='bbox 1367 748 1429 804; x_wconf 84' lang='lat'>&amp;</span> <span class='ocrx_word' id='word_1_58' title='bbox 1460 744 1515 799; x_wconf 90' lang='lat' dir='ltr'>in</span> <span class='ocrx_word' id='word_1_59' title='bbox 1545 742 1804 800; x_wconf 87' lang='lat' dir='ltr'>Beatitatis</span> <span class='ocrx_word' id='word_1_60' title='bbox 1826 760 1938 800; x_wconf 82' lang='lat' dir='ltr'>tan-</span> 
     </span>
     <span class='ocr_line' id='line_1_8' title="bbox 226 817 1938 896; baseline -0.001 -19"><span class='ocrx_word' id='word_1_61' title='bbox 226 817 346 877; x_wconf 70' lang='lat' dir='ltr'>thm</span> <span class='ocrx_word' id='word_1_62' title='bbox 386 820 582 894; x_wconf 85' lang='lat' dir='ltr'>patria,</span> <span class='ocrx_word' id='word_1_63' title='bbox 615 819 708 876; x_wconf 91' lang='lat' dir='ltr'>ubi</span> <span class='ocrx_word' id='word_1_64' title='bbox 744 819 1072 896; x_wconf 81' lang='lat' dir='ltr'>triumphat,</span> <span class='ocrx_word' id='word_1_65' title='bbox 1111 818 1225 877; x_wconf 87' lang='lat' dir='ltr'>sana</span> <span class='ocrx_word' id='word_1_66' title='bbox 1264 821 1445 877; x_wconf 85' lang='lat' dir='ltr'>omnia</span> <span class='ocrx_word' id='word_1_67' title='bbox 1475 855 1495 883; x_wconf 71' lang='lat'>2</span> <span class='ocrx_word' id='word_1_68' title='bbox 1542 835 1601 876; x_wconf 88' lang='lat' dir='ltr'>ac</span> <span class='ocrx_word' id='word_1_69' title='bbox 1634 818 1774 877; x_wconf 62' lang='lat' dir='ltr'>recte</span> <span class='ocrx_word' id='word_1_70' title='bbox 1805 835 1938 876; x_wconf 89' lang='lat' dir='ltr'>con-</span> 
     </span>
     <span class='ocr_line' id='line_1_9' title="bbox 226 891 1938 970; baseline 0 -18"><span class='ocrx_word' id='word_1_71' title='bbox 226 896 402 952; x_wconf 89' lang='lat' dir='ltr'>stituta</span> <span class='ocrx_word' id='word_1_72' title='bbox 440 892 669 952; x_wconf 85' lang='lat' dir='ltr'>habebit.</span> <span class='ocrx_word' id='word_1_73' title='bbox 787 896 977 953; x_wconf 86' lang='lat' dir='ltr'>Praxes</span> <span class='ocrx_word' id='word_1_74' title='bbox 1011 892 1251 970; x_wconf 81' lang='lat' dir='ltr'>insuper-</span> <span class='ocrx_word' id='word_1_75' title='bbox 1277 894 1403 958; x_wconf 82' lang='lat' dir='ltr'>sslae,</span> <span class='ocrx_word' id='word_1_76' title='bbox 1458 891 1582 950; x_wconf 76' lang='grc' dir='ltr'>ὺῑὺῑ</span> <span class='ocrx_word' id='word_1_77' title='bbox 1609 895 1938 952; x_wconf 56' lang='lat' dir='ltr'>‘authoritate</span> 
     </span>
     <span class='ocr_line' id='line_1_10' title="bbox 226 969 1940 1045; baseline -0.002 -16"><span class='ocrx_word' id='word_1_78' title='bbox 226 972 583 1029; x_wconf 88' lang='lat' dir='ltr'>Summorum</span> <span class='ocrx_word' id='word_1_79' title='bbox 623 970 970 1029; x_wconf 79' lang='lat' dir='ltr'><strong>tribunalium</strong></span> <span class='ocrx_word' id='word_1_80' title='bbox 1008 971 1266 1029; x_wconf 58' lang='lat' dir='ltr'>haetenus</span> <span class='ocrx_word' id='word_1_81' title='bbox 1311 969 1572 1031; x_wconf 58' lang='lat' dir='ltr'>induem,</span> <span class='ocrx_word' id='word_1_82' title='bbox 1603 971 1778 1045; x_wconf 84' lang='lat' dir='ltr'>(quas</span> <span class='ocrx_word' id='word_1_83' title='bbox 1802 970 1940 1026; x_wconf 87' lang='lat' dir='ltr'>mul-</span> 
     </span>
     <span class='ocr_line' id='line_1_11' title="bbox 225 1045 1938 1120; baseline 0 -17"><span class='ocrx_word' id='word_1_84' title='bbox 225 1049 264 1104; x_wconf 93' lang='lat' dir='ltr'>ti</span> <span class='ocrx_word' id='word_1_85' title='bbox 302 1049 459 1103; x_wconf 85' lang='lat' dir='ltr'>etiam</span> <span class='ocrx_word' id='word_1_86' title='bbox 480 1048 626 1103; x_wconf 90' lang='lat' dir='ltr'>inter</span> <span class='ocrx_word' id='word_1_87' title='bbox 658 1047 964 1105; x_wconf 85' lang='lat' dir='ltr'>Catholicos</span> <span class='ocrx_word' id='word_1_88' title='bbox 994 1048 1095 1103; x_wconf 84' lang='lat' dir='ltr'>viri</span> <span class='ocrx_word' id='word_1_89' title='bbox 1130 1045 1516 1104; x_wconf 76' lang='lat' dir='ltr'>desideriorum</span> <span class='ocrx_word' id='word_1_90' title='bbox 1541 1050 1601 1106; x_wconf 88' lang='lat'>&amp;</span> <span class='ocrx_word' id='word_1_91' title='bbox 1632 1047 1938 1120; x_wconf 86' lang='lat' dir='ltr'>gemituum</span> 
     </span>
     <span class='ocr_line' id='line_1_12' title="bbox 227 1120 1939 1198; baseline -0.001 -20"><span class='ocrx_word' id='word_1_92' title='bbox 227 1121 458 1178; x_wconf 59' lang='lat' dir='ltr'>invectas</span> <span class='ocrx_word' id='word_1_93' title='bbox 500 1139 612 1178; x_wconf 88' lang='lat' dir='ltr'>non</span> <span class='ocrx_word' id='word_1_94' title='bbox 649 1122 751 1178; x_wconf 75' lang='lat' dir='ltr'>esse</span> <span class='ocrx_word' id='word_1_95' title='bbox 786 1135 1063 1198; x_wconf 83' lang='lat' dir='ltr'>optarent,</span> <span class='ocrx_word' id='word_1_96' title='bbox 1096 1123 1206 1180; x_wconf 77' lang='lat' dir='ltr'>imo</span> <span class='ocrx_word' id='word_1_97' title='bbox 1242 1128 1304 1183; x_wconf 71' lang='grc' dir='ltr'>δε</span> <span class='ocrx_word' id='word_1_98' title='bbox 1337 1120 1551 1179; x_wconf 72' lang='lat' dir='ltr'>cordate</span> <span class='ocrx_word' id='word_1_99' title='bbox 1587 1120 1736 1177; x_wconf 86' lang='lat' dir='ltr'>subin</span> <span class='ocrx_word' id='word_1_100' title='bbox 1770 1138 1831 1178; x_wconf 86' lang='lat' dir='ltr'>ac</span> <span class='ocrx_word' id='word_1_101' title='bbox 1860 1123 1939 1177; x_wconf 89' lang='lat' dir='ltr'>in-</span> 
     </span>
     <span class='ocr_line' id='line_1_13' title="bbox 229 1196 1942 1272; baseline 0 -19"><span class='ocrx_word' id='word_1_102' title='bbox 229 1196 469 1272; x_wconf 80' lang='lat' dir='ltr'>trepide,</span> <span class='ocrx_word' id='word_1_103' title='bbox 499 1213 609 1253; x_wconf 89' lang='lat' dir='ltr'>non</span> <span class='ocrx_word' id='word_1_104' title='bbox 650 1196 828 1254; x_wconf 67' lang='lat' dir='ltr'>minos</span> <span class='ocrx_word' id='word_1_105' title='bbox 863 1214 1041 1255; x_wconf 88' lang='lat' dir='ltr'>tamen</span> <span class='ocrx_word' id='word_1_106' title='bbox 1078 1198 1318 1256; x_wconf 77' lang='lat' dir='ltr'>modeste</span> <span class='ocrx_word' id='word_1_107' title='bbox 1349 1196 1797 1272; x_wconf 85' lang='lat' dir='ltr'>reprehendunt)</span> <span class='ocrx_word' id='word_1_108' title='bbox 1822 1196 1942 1253; x_wconf 87' lang='lat' dir='ltr'>Pra-</span> 
     </span>
     <span class='ocr_line' id='line_1_14' title="bbox 227 1270 1962 1345; baseline 0 -17"><span class='ocrx_word' id='word_1_109' title='bbox 227 1289 320 1328; x_wconf 87' lang='lat' dir='ltr'>xes</span> <span class='ocrx_word' id='word_1_110' title='bbox 370 1288 547 1327; x_wconf 90' lang='lat' dir='ltr'>tamen</span> <span class='ocrx_word' id='word_1_111' title='bbox 611 1270 821 1345; x_wconf 82' lang='lat' dir='ltr'>semper</span> <span class='ocrx_word' id='word_1_112' title='bbox 870 1272 1155 1330; x_wconf 87' lang='lat' dir='ltr'>hominum</span> <span class='ocrx_word' id='word_1_113' title='bbox 1212 1275 1312 1330; x_wconf 86' lang='lat' dir='ltr'>suis</span> <span class='ocrx_word' id='word_1_114' title='bbox 1358 1275 1514 1329; x_wconf 87' lang='lat' dir='ltr'>etiam</span> <span class='ocrx_word' id='word_1_115' title='bbox 1549 1271 1962 1328; x_wconf 81' lang='lat' dir='ltr'>infirmitatibus·</span> 
     </span>
     <span class='ocr_line' id='line_1_15' title="bbox 229 1344 1938 1420; baseline -0.001 -16"><span class='ocrx_word' id='word_1_116' title='bbox 229 1345 684 1404; x_wconf 85' lang='lat' dir='ltr'><strong>circumdatorum</strong></span> <span class='ocrx_word' id='word_1_117' title='bbox 724 1347 914 1403; x_wconf 85' lang='lat' dir='ltr'>habitae</span> <span class='ocrx_word' id='word_1_118' title='bbox 946 1344 1208 1420; x_wconf 23' lang='lat' dir='ltr'>fuerunt⁴3</span> <span class='ocrx_word' id='word_1_119' title='bbox 1246 1347 1426 1420; x_wconf 89' lang='lat' dir='ltr'>Stylus</span> <span class='ocrx_word' id='word_1_120' title='bbox 1448 1347 1622 1404; x_wconf 88' lang='lat' dir='ltr'>Curiae</span> <span class='ocrx_word' id='word_1_121' title='bbox 1658 1346 1808 1408; x_wconf 87' lang='lat' dir='ltr'>sunt,</span> <span class='ocrx_word' id='word_1_122' title='bbox 1828 1363 1938 1402; x_wconf 87' lang='lat' dir='ltr'>non</span> 
     </span>
     <span class='ocr_line' id='line_1_16' title="bbox 230 1420 1943 1496; baseline -0.001 -17"><span class='ocrx_word' id='word_1_123' title='bbox 230 1437 411 1479; x_wconf 87' lang='lat' dir='ltr'>autem</span> <span class='ocrx_word' id='word_1_124' title='bbox 445 1420 634 1478; x_wconf 86' lang='lat' dir='ltr'>Canon</span> <span class='ocrx_word' id='word_1_125' title='bbox 677 1421 960 1478; x_wconf 84' lang='lat' dir='ltr'>Cathedrae</span> <span class='ocrx_word' id='word_1_126' title='bbox 995 1421 1315 1496; x_wconf 85' lang='lat' dir='ltr'>Apostolicae</span> <span class='ocrx_word' id='word_1_127' title='bbox 1340 1459 1357 1483; x_wconf 82' lang='lat'>‚</span> <span class='ocrx_word' id='word_1_128' title='bbox 1403 1439 1501 1479; x_wconf 88' lang='lat' dir='ltr'>nec</span> <span class='ocrx_word' id='word_1_129' title='bbox 1540 1424 1594 1478; x_wconf 89' lang='lat' dir='ltr'>in</span> <span class='ocrx_word' id='word_1_130' title='bbox 1643 1425 1750 1477; x_wconf 85' lang='lat' dir='ltr'>vim</span> <span class='ocrx_word' id='word_1_131' title='bbox 1790 1421 1943 1496; x_wconf 79' lang='lat' dir='ltr'>Juris</span> 
     </span>
     <span class='ocr_line' id='line_1_17' title="bbox 228 1495 1941 1572; baseline -0.002 -17"><span class='ocrx_word' id='word_1_132' title='bbox 228 1514 321 1555; x_wconf 82' lang='lat' dir='ltr'>aut</span> <span class='ocrx_word' id='word_1_133' title='bbox 371 1496 601 1554; x_wconf 84' lang='lat' dir='ltr'>Canonis</span> <span class='ocrx_word' id='word_1_134' title='bbox 653 1495 722 1553; x_wconf 71' lang='lat' dir='ltr'>ita</span> <span class='ocrx_word' id='word_1_135' title='bbox 771 1496 1070 1554; x_wconf 82' lang='lat' dir='ltr'>excrescere</span> <span class='ocrx_word' id='word_1_136' title='bbox 1117 1513 1412 1572; x_wconf 85' lang='lat' dir='ltr'>potuerunt</span> <span class='ocrx_word' id='word_1_137' title='bbox 1441 1533 1460 1560; x_wconf 91' lang='lat'>,</span> <span class='ocrx_word' id='word_1_138' title='bbox 1515 1513 1576 1554; x_wconf 89' lang='lat' dir='ltr'>ut</span> <span class='ocrx_word' id='word_1_139' title='bbox 1613 1496 1941 1553; x_wconf 83' lang='lat' dir='ltr'>constantem</span> 
     </span>
     <span class='ocr_line' id='line_1_18' title="bbox 231 1570 1944 1646; baseline -0.001 -16"><span class='ocrx_word' id='word_1_140' title='bbox 231 1571 473 1646; x_wconf 82' lang='lat' dir='ltr'>ejusdem</span> <span class='ocrx_word' id='word_1_141' title='bbox 511 1570 748 1629; x_wconf 81' lang='lat' dir='ltr'>Ecclesiae</span> <span class='ocrx_word' id='word_1_142' title='bbox 784 1574 1039 1644; x_wconf 81' lang='lat' dir='ltr'>Spiritum</span> <span class='ocrx_word' id='word_1_143' title='bbox 1073 1574 1128 1630; x_wconf 85' lang='lat' dir='ltr'>in</span> <span class='ocrx_word' id='word_1_144' title='bbox 1160 1573 1450 1630; x_wconf 86' lang='lat' dir='ltr'>Christiana</span> <span class='ocrx_word' id='word_1_145' title='bbox 1476 1571 1660 1629; x_wconf 84' lang='lat' dir='ltr'>morali</span> <span class='ocrx_word' id='word_1_146' title='bbox 1684 1570 1944 1628; x_wconf 67' lang='lat' dir='ltr'>haste-ntis</span> 
     </span>
     <span class='ocr_line' id='line_1_19' title="bbox 230 1646 1943 1724; baseline -0.001 -18"><span class='ocrx_word' id='word_1_147' title='bbox 230 1651 508 1707; x_wconf 86' lang='lat' dir='ltr'>alterarent</span> <span class='ocrx_word' id='word_1_148' title='bbox 545 1653 606 1708; x_wconf 74' lang='grc' dir='ltr'>ὅτ.</span> <span class='ocrx_word' id='word_1_149' title='bbox 637 1646 1090 1722; x_wconf 76' lang='lat' dir='ltr'>diversificarent3</span> <span class='ocrx_word' id='word_1_150' title='bbox 1165 1650 1312 1723; x_wconf 75' lang='lat' dir='ltr'>Quin</span> <span class='ocrx_word' id='word_1_151' title='bbox 1353 1648 1531 1724; x_wconf 89' lang='lat' dir='ltr'>quoad</span> <span class='ocrx_word' id='word_1_152' title='bbox 1571 1648 1738 1704; x_wconf 82' lang='lat' dir='ltr'>multa</span> <span class='ocrx_word' id='word_1_153' title='bbox 1780 1647 1943 1721; x_wconf 83' lang='lat' dir='ltr'>pede-</span> 
     </span>
     <span class='ocr_line' id='line_1_20' title="bbox 232 1721 1943 1798; baseline -0.001 -17"><span class='ocrx_word' id='word_1_154' title='bbox 232 1726 424 1781; x_wconf 84' lang='lat' dir='ltr'>tentim</span> <span class='ocrx_word' id='word_1_155' title='bbox 459 1722 752 1779; x_wconf 76' lang='lat' dir='ltr'>emendatae</span> <span class='ocrx_word' id='word_1_156' title='bbox 786 1722 889 1795; x_wconf 79' lang='lat' dir='ltr'>jam</span> <span class='ocrx_word' id='word_1_157' title='bbox 924 1721 1115 1785; x_wconf 71' lang='lat' dir='ltr'>fuere,</span> <span class='ocrx_word' id='word_1_158' title='bbox 1144 1723 1324 1798; x_wconf 88' lang='lat' dir='ltr'>quoad</span> <span class='ocrx_word' id='word_1_159' title='bbox 1360 1724 1454 1780; x_wconf 88' lang='lat' dir='ltr'>alia</span> <span class='ocrx_word' id='word_1_160' title='bbox 1488 1723 1621 1780; x_wconf 75' lang='lat' dir='ltr'>vero</span> <span class='ocrx_word' id='word_1_161' title='bbox 1658 1726 1711 1779; x_wconf 89' lang='lat' dir='ltr'>in</span> <span class='ocrx_word' id='word_1_162' title='bbox 1742 1739 1943 1798; x_wconf 85' lang='lat' dir='ltr'>oppor-</span> 
     </span>
     <span class='ocr_line' id='line_1_21' title="bbox 235 1797 1946 1873; baseline -0.001 -17"><span class='ocrx_word' id='word_1_163' title='bbox 235 1802 415 1856; x_wconf 87' lang='lat' dir='ltr'>tunius</span> <span class='ocrx_word' id='word_1_164' title='bbox 448 1813 661 1873; x_wconf 87' lang='lat' dir='ltr'>tempus</span> <span class='ocrx_word' id='word_1_165' title='bbox 700 1797 995 1855; x_wconf 70' lang='lat' dir='ltr'>secundom</span> <span class='ocrx_word' id='word_1_166' title='bbox 1035 1799 1165 1855; x_wconf 87' lang='lat' dir='ltr'>sanae</span> <span class='ocrx_word' id='word_1_167' title='bbox 1203 1799 1401 1856; x_wconf 87' lang='lat' dir='ltr'>Politiae</span> <span class='ocrx_word' id='word_1_168' title='bbox 1428 1801 1810 1861; x_wconf 82' lang='lat' dir='ltr'>oeconomiam,</span> <span class='ocrx_word' id='word_1_169' title='bbox 1850 1816 1946 1863; x_wconf 87' lang='lat' dir='ltr'>ne,</span> 
     </span>
     <span class='ocr_line' id='line_1_22' title="bbox 232 1873 1942 1949; baseline -0.001 -18"><span class='ocrx_word' id='word_1_170' title='bbox 232 1877 329 1949; x_wconf 89' lang='lat' dir='ltr'>qui</span> <span class='ocrx_word' id='word_1_171' title='bbox 364 1877 518 1931; x_wconf 86' lang='lat' dir='ltr'>nimis</span> <span class='ocrx_word' id='word_1_172' title='bbox 550 1875 824 1946; x_wconf 81' lang='lat' dir='ltr'>emungit,</span> <span class='ocrx_word' id='word_1_173' title='bbox 859 1874 1026 1930; x_wconf 85' lang='lat' dir='ltr'>eliciat</span> <span class='ocrx_word' id='word_1_174' title='bbox 1068 1874 1407 1948; x_wconf 86' lang='lat' dir='ltr'>sanguinem,</span> <span class='ocrx_word' id='word_1_175' title='bbox 1442 1873 1714 1931; x_wconf 84' lang='lat' dir='ltr'>reservatae</span> <span class='ocrx_word' id='word_1_176' title='bbox 1746 1873 1942 1949; x_wconf 80' lang='lat' dir='ltr'>digno·-</span> 
     </span>
     <span class='ocr_line' id='line_1_23' title="bbox 233 1948 1944 2025; baseline -0.002 -17"><span class='ocrx_word' id='word_1_177' title='bbox 233 1950 469 2008; x_wconf 84' lang='lat' dir='ltr'>scuntur.</span> <span class='ocrx_word' id='word_1_178' title='bbox 542 1948 611 2005; x_wconf 91' lang='lat' dir='ltr'>Et</span> <span class='ocrx_word' id='word_1_179' title='bbox 643 1953 1554 2025; x_wconf 85' lang='lat' dir='ltr'>quaecunque,&amp;quorumcunque</span> <span class='ocrx_word' id='word_1_180' title='bbox 1575 1949 1795 2006; x_wconf 89' lang='lat' dir='ltr'>demum</span> <span class='ocrx_word' id='word_1_181' title='bbox 1827 1948 1944 2021; x_wconf 81' lang='lat' dir='ltr'>sint3</span> 
     </span>
     <span class='ocr_line' id='line_1_24' title="bbox 238 2022 1946 2098; baseline -0.002 -15"><span class='ocrx_word' id='word_1_182' title='bbox 238 2041 447 2084; x_wconf 88' lang='lat' dir='ltr'>certum</span> <span class='ocrx_word' id='word_1_183' title='bbox 480 2025 585 2087; x_wconf 84' lang='lat' dir='ltr'>est,</span> <span class='ocrx_word' id='word_1_184' title='bbox 610 2023 638 2080; x_wconf 65' lang='lat' dir='ltr'>a</span> <span class='ocrx_word' id='word_1_185' title='bbox 674 2022 948 2081; x_wconf 85' lang='lat' dir='ltr'>voluntate</span> <span class='ocrx_word' id='word_1_186' title='bbox 983 2023 1190 2081; x_wconf 75' lang='lat' dir='ltr'>tantiJm</span> <span class='ocrx_word' id='word_1_187' title='bbox 1223 2024 1331 2080; x_wconf 88' lang='lat' dir='ltr'>illas</span> <span class='ocrx_word' id='word_1_188' title='bbox 1360 2022 1657 2098; x_wconf 86' lang='lat' dir='ltr'>proficisci:</span> <span class='ocrx_word' id='word_1_189' title='bbox 1698 2029 1758 2084; x_wconf 90' lang='lat'>&amp;</span> <span class='ocrx_word' id='word_1_190' title='bbox 1779 2039 1946 2080; x_wconf 89' lang='lat' dir='ltr'>nemo</span> 
     </span>
     <span class='ocr_line' id='line_1_25' title="bbox 236 2096 1944 2173; baseline -0.002 -15"><span class='ocrx_word' id='word_1_191' title='bbox 236 2102 495 2158; x_wconf 63' lang='lat' dir='ltr'>hactenus</span> <span class='ocrx_word' id='word_1_192' title='bbox 529 2099 951 2173; x_wconf 82' lang='lat' dir='ltr'>Theologorum</span> <span class='ocrx_word' id='word_1_193' title='bbox 986 2101 1314 2173; x_wconf 81' lang='lat' dir='ltr'>comparuit,</span> <span class='ocrx_word' id='word_1_194' title='bbox 1346 2099 1440 2173; x_wconf 90' lang='lat' dir='ltr'>qui</span> <span class='ocrx_word' id='word_1_195' title='bbox 1474 2098 1561 2155; x_wconf 91' lang='lat' dir='ltr'>vel</span> <span class='ocrx_word' id='word_1_196' title='bbox 1594 2096 1754 2172; x_wconf 82' lang='lat' dir='ltr'>ipsius</span> <span class='ocrx_word' id='word_1_197' title='bbox 1788 2099 1944 2172; x_wconf 87' lang='lat' dir='ltr'>Sum-</span> 
     </span>
     <span class='ocr_line' id='line_1_26' title="bbox 239 2171 1947 2237; baseline -0.001 -5"><span class='ocrx_word' id='word_1_198' title='bbox 239 2180 312 2233; x_wconf 87' lang='lat' dir='ltr'>mi</span> <span class='ocrx_word' id='word_1_199' title='bbox 353 2173 615 2232; x_wconf 82' lang='lat' dir='ltr'>Pontificis</span> <span class='ocrx_word' id='word_1_200' title='bbox 643 2211 664 2237; x_wconf 93' lang='lat'>,</span> <span class='ocrx_word' id='word_1_201' title='bbox 710 2174 880 2231; x_wconf 76' lang='lat' dir='ltr'>multo</span> <span class='ocrx_word' id='word_1_202' title='bbox 912 2171 1091 2230; x_wconf 73' lang='lat' dir='ltr'>minhs</span> <span class='ocrx_word' id='word_1_203' title='bbox 1125 2171 1448 2230; x_wconf 79' lang='lat' dir='ltr'>officialium</span> <span class='ocrx_word' id='word_1_204' title='bbox 1499 2173 1721 2231; x_wconf 83' lang='lat' dir='ltr'>Curiam</span> <span class='ocrx_word' id='word_1_205' title='bbox 1757 2171 1947 2231; x_wconf 45' lang='lat' dir='ltr'>consti,</span> 
     </span>
     <span class='ocr_line' id='line_1_27' title="bbox 238 2245 1944 2324; baseline -0.002 -15"><span class='ocrx_word' id='word_1_206' title='bbox 238 2255 507 2309; x_wconf 89' lang='lat' dir='ltr'>tuentium</span> <span class='ocrx_word' id='word_1_207' title='bbox 556 2250 887 2307; x_wconf 87' lang='lat' dir='ltr'>voluntatem</span> <span class='ocrx_word' id='word_1_208' title='bbox 917 2264 1063 2305; x_wconf 84' lang='lat' dir='ltr'>extra</span> <span class='ocrx_word' id='word_1_209' title='bbox 1098 2266 1286 2306; x_wconf 89' lang='lat' dir='ltr'>omnes</span> <span class='ocrx_word' id='word_1_210' title='bbox 1334 2245 1551 2306; x_wconf 61' lang='lat' dir='ltr'>affectus</span> <span class='ocrx_word' id='word_1_211' title='bbox 1591 2248 1843 2324; x_wconf 84' lang='lat' dir='ltr'>positam,</span> <span class='ocrx_word' id='word_1_212' title='bbox 1882 2254 1944 2311; x_wconf 76' lang='grc' dir='ltr'>ὅτ.</span> 
     </span>
     <span class='ocr_line' id='line_1_28' title="bbox 238 2322 1948 2402; baseline -0.001 -19"><span class='ocrx_word' id='word_1_213' title='bbox 238 2328 454 2402; x_wconf 89' lang='lat' dir='ltr'>prorsus</span> <span class='ocrx_word' id='word_1_214' title='bbox 495 2325 896 2399; x_wconf 84' lang='lat' dir='ltr'>impeccabilem</span> <span class='ocrx_word' id='word_1_215' title='bbox 933 2340 1024 2381; x_wconf 84' lang='lat' dir='ltr'>aut</span> <span class='ocrx_word' id='word_1_216' title='bbox 1076 2322 1494 2382; x_wconf 67' lang='lat' dir='ltr'>indefestibilem</span> <span class='ocrx_word' id='word_1_217' title='bbox 1529 2325 1750 2382; x_wconf 83' lang='lat' dir='ltr'>afferere</span> <span class='ocrx_word' id='word_1_218' title='bbox 1793 2324 1948 2383; x_wconf 87' lang='lat' dir='ltr'>ausus</span> 
     </span>
     <span class='ocr_line' id='line_1_29' title="bbox 237 2400 1944 2473; baseline -0.002 -14"><span class='ocrx_word' id='word_1_219' title='bbox 237 2401 418 2459; x_wconf 85' lang='lat' dir='ltr'>fuerit.</span> <span class='ocrx_word' id='word_1_220' title='bbox 508 2400 698 2473; x_wconf 65' lang='lat' dir='ltr'>‘Qod</span> <span class='ocrx_word' id='word_1_221' title='bbox 729 2408 909 2458; x_wconf 80' lang='lat' dir='ltr'>a&#39;utem</span> <span class='ocrx_word' id='word_1_222' title='bbox 943 2400 972 2456; x_wconf 62' lang='lat' dir='ltr'>a</span> <span class='ocrx_word' id='word_1_223' title='bbox 1001 2416 1254 2469; x_wconf 86' lang='lat' dir='ltr'>corrupta</span> <span class='ocrx_word' id='word_1_224' title='bbox 1288 2401 1605 2464; x_wconf 89' lang='lat' dir='ltr'>hominum,</span> <span class='ocrx_word' id='word_1_225' title='bbox 1648 2402 1806 2457; x_wconf 86' lang='lat' dir='ltr'>etiam</span> <span class='ocrx_word' id='word_1_226' title='bbox 1839 2402 1944 2458; x_wconf 91' lang='lat' dir='ltr'>Mi-</span> 
     </span>
     <span class='ocr_line' id='line_1_30' title="bbox 238 2475 1946 2552; baseline -0.001 -19"><span class='ocrx_word' id='word_1_227' title='bbox 238 2479 527 2534; x_wconf 85' lang='lat' dir='ltr'>nistrorum</span> <span class='ocrx_word' id='word_1_228' title='bbox 579 2481 641 2536; x_wconf 85' lang='lat'>&amp;</span> <span class='ocrx_word' id='word_1_229' title='bbox 692 2477 1027 2533; x_wconf 82' lang='lat' dir='ltr'>vicariorum</span> <span class='ocrx_word' id='word_1_230' title='bbox 1071 2475 1364 2533; x_wconf 72' lang='lat' dir='ltr'>‘voluntate</span> <span class='ocrx_word' id='word_1_231' title='bbox 1399 2475 1774 2552; x_wconf 84' lang='lat' dir='ltr'>proficiscitur,</span> <span class='ocrx_word' id='word_1_232' title='bbox 1809 2475 1946 2551; x_wconf 87' lang='lat' dir='ltr'>ipso·</span> 
     </span>
     <span class='ocr_line' id='line_1_31' title="bbox 240 2550 1945 2682; baseline 0.002 -75"><span class='ocrx_word' id='word_1_233' title='bbox 240 2560 365 2610; x_wconf 74' lang='lat' dir='ltr'>r‘um</span> <span class='ocrx_word' id='word_1_234' title='bbox 399 2553 499 2615; x_wconf 89' lang='lat' dir='ltr'>est,</span> <span class='ocrx_word' id='word_1_235' title='bbox 538 2555 606 2612; x_wconf 74' lang='lat' dir='ltr'>&lt;Sc</span> <span class='ocrx_word' id='word_1_236' title='bbox 633 2550 1019 2625; x_wconf 84' lang='lat' dir='ltr'>rejiciendum:</span> <span class='ocrx_word' id='word_1_237' title='bbox 1091 2552 1299 2611; x_wconf 82' lang='lat' dir='ltr'>Veritas</span> <span class='ocrx_word' id='word_1_238' title='bbox 1317 2568 1545 2612; x_wconf 85' lang='lat' dir='ltr'>econtra</span> <span class='ocrx_word' id='word_1_239' title='bbox 1586 2551 1945 2682; x_wconf 43' lang='lat' dir='ltr'>dofflisssae&amp;</span> 
     </span>
     <span class='ocr_line' id='line_1_32' title="bbox 1682 2642 1871 2683; baseline 0.005 -1"><span class='ocrx_word' id='word_1_240' title='bbox 1682 2642 1772 2683; x_wconf 82' lang='lat' dir='ltr'>aut</span> <span class='ocrx_word' id='word_1_241' title='bbox 1815 2642 1871 2683; x_wconf 91' lang='lat' dir='ltr'>o-</span> 
     </span>
    </p>
   </div>
  </div>
 </body>
</html>
