2144 2852
725 187 1322 270 mammen-fi»
1794 203 1902 267 139

183 340 317 401 ‚quae
348 321 630 382 luculentis
662 338 770 380 non
809 322 1021 398 possunt
1061 323 1275 398 probari
1311 324 1682 388 documentis,
1714 324 1767 380 in
1799 321 1902 382 du-

195 401 347 458 bium
380 415 675 463 vocentur,
713 400 824 457 imo
859 416 1129 476 negentur
1155 418 1176 459 -:
1249 400 1503 457 Errorem
1535 396 1682 456 enim
1708 417 1770 456 ac
1806 399 1903 457 de·

197 478 500 549 ceptionem
541 476 937 549 particularium
991 479 1055 536 &
1104 478 1437 551 pr1vatorum
1489 475 1770 533 hominum
1795 512 1810 539 ,
1847 478 1903 533 in

193 552 404 608 casibus.
420 550 1038 624 peculiaribus,subinde
1062 552 1585 626 permittere‚Deum
1611 568 1720 609 non
1746 568 1904 626 pror·

185 624 278 684 sus
311 626 570 684 dedecet:
611 626 988 685 Universaliter
1019 644 1195 685 autem
1229 634 1292 689 &
1323 630 1583 685 omnium.
1613 625 1902 684 hominum

196 705 252 760 in
289 721 347 758 re
382 705 510 759 tanti
545 705 790 777 negotii,
836 702 947 759 imo
989 704 1146 761 unice
1194 704 1465 762 necessaria
1502 721 1742 761 errorem
1782 721 1904 778 per-

197 781 440 842 mittere,
470 777 868 853 avprovidentia
906 779 1098 836 Divina
1131 779 1360 837 alienum
1396 777 1540 836 foret
1562 816 1581 842 ,
1624 777 1813 836 scilicet
1843 793 1905 836 ut

196 853 421 913 Ecclesia
456 853 702 927 quaedam
738 852 859 911 falsa
893 871 972 912 tot
1004 854 1267 932 tantisque
1298 855 1455 931 signis
1495 854 1703 912 Divinae
1733 853 1908 928 cujus-

196 929 322 987 dam
355 931 564 986 vir‘tutis
594 930 932 987 inclarescere
967 930 1162 1005 posset,
1197 950 1318 1007 quae
1351 929 1460 1007 ipse
1498 928 1705 988 nonnisi
1737 932 1792 986 in
1816 948 1908 987 ve·

196 1023 255 1062 ra
291 1005 379 1063 sua
413 1004 637 1062 Ecclesia
670 1003 789 1063 fore
821 1007 1093 1080 praedixit,
1117 1007 1207 1065 ubi
1233 1008 1436 1082 absque
1458 1006 1564 1064 ulla
1594 1022 1908 1080 temporum

197 1087 260 1142 ὃ(
294 1082 608 1139 saeculorum
643 1082 976 1141 distinfilione
1023 1100 1115 1141 aut
1148 1083 1460 1141 limitatione
1518 1081 1762 1156 promisit
1791 1118 1807 1144 ‚
1845 1081 1910 1138 si-

189 1158 343 1215 deles
378 1156 496 1214 suos
527 1160 588 1219 &
618 1157 893 1215 credentes
926 1161 980 1215 in
1013 1158 1063 1215 se
1095 1158 1293 1234 majora
1322 1161 1482 1234 etiam
1514 1160 1761 1232 iis,·quae
1795 1156 1908 1233 ipse

198 1233 556 1308 perpetrarit,
603 1234 854 1291 miracula
891 1251 1204 1309 patraturos·
1278 1238 1395 1292 Aut
1424 1231 1557 1308 ergo
1594 1233 1737 1290 nulla
1770 1235 1909 1291 inter

196 1308 512 1366 Christianas
545 1310 620 1366 est
656 1327 783 1366 vera
818 1309 1070 1374 Ecclesia,
1101 1326 1194 1367 aut
1226 1327 1286 1367 ea
1318 1309 1494 1373 certe,
1525 1327 1649 1385 quae
1679 1326 1790 1384 prae
1826 1327 1908 1365 re-

197 1385 352 1461 liquis
402 1385 655 1441 omnibus
715 1384 1066 1442 universalem
1106 1385 1371 1459 ejusmodi
1410 1385 1797 1443 miraculorum
1828 1382 1908 1441 fa-

197 1479 343 1516 mam
379 1465 439 1520 &
472 1460 697 1534 gloriam
748 1464 996 1517 omnium
1043 1460 1296 1518 consensu
1346 1459 1441 1518 sibi
1484 1459 1811 1522 conciliavit,
1845 1474 1909 1517 ut

199 1535 343 1593 nulla
380 1535 475 1591 alia
498 1553 626 1591 cum
663 1534 854 1592 eadem
888 1538 942 1592 in
962 1537 1423 1611 comparationem
1457 1537 1642 1591 venire
1671 1533 1821 1591 ausit.

329 1683 581 1742 XXXIV.
616 1683 752 1741 Haec
788 1685 955 1758 igitur
980 1684 1161 1741 omnia
1194 1681 1451 1740 haElenus
1477 1680 1730 1741 recensita
1765 1681 1910 1758 signa

200 1777 308 1819 tam
348 1759 659 1833 conspicua,
681 1757 807 1817 curn
831 1759 922 1816 soli
964 1758 1248 1816 Catholicae
1281 1757 1522 1815 Ecclefiae
1554 1762 1912 1824 conveniant,

198 1852 292 1894 aut
327 1835 364 1892 si
387 1853 494 1911 qua
526 1836 685 1892 etiam
722 1837 777 1891 in
808 1833 913 1892 alio
946 1834 1190 1910 quodam
1229 1851 1372 1892 coetu
1411 1836 1779 1908 reperiantur,
1799 1852 1911 1892 non

200 1930 380 1971 tamen
413 1913 594 1968 omnia
641 1910 891 1974 concita,
930 1914 995 1972 &
1040 1909 1230 1985 aequali
1269 1927 1396 1967 cum
1431 1911 1781 1983 praerogativa
1819 1929 1912 1968 ve-

196 1988 511 2061 ·rificentur3
548 1985 606 2044 id
641 2004 815 2044 unum
847 1986 1101 2062 prudenti
1127 1985 1361 2060 cujusvis
1373 1984 1581 2117 fodiem
1609 1985 1914 2062 relinquen-

205 2064 340 2121 dum
375 2065 500 2125 erit,
531 2080 723 2120 annon⁴
755 2063 927 2120 multo
965 2061 1289 2135 probabilius
1323 2060 1527 2123 satem,
1563 2059 1600 2116 si
1638 2078 1748 2118 non
1796 2063 1913 2119 evi-

196 2140 395 2196 -denter
427 2138 757 2201 credibilius,
785 2138 870 2202 sit,
905 2137 1041 2195 hanc
1073 2136 1235 2194 solam
1267 2135 1548 2194 Ecclesiam
1581 2135 1912 2195 Catholicam

200 2217 344 2272 'inter
375 2231 563 2270 omnes
603 2215 832 2289 reliquas
860 2215 1147 2270 Societates
1195 2212 1511 2270 Christianas
1557 2210 1913 2286 dignissimam

207 2288 339 2352 effe,
373 2304 539 2362 quam
572 2305 675 2345 ceu
712 2289 968 2347 divinitus
1002 2290 1291 2346 institutam
1321 2304 1662 2344 veneremur.
1736 2288 1792 2346 Si
1823 2306 1914 2347 au-

207 2382 318 2423 tem
352 2362 680 2439 probabilior
722 2363 807 2420 illa
840 2363 931 2427 sit,
967 2363 1251 2422 necessario
1283 2363 1358 2420 est
1379 2361 1802 2437 sequenda,non
1839 2379 1914 2422 at-

209 2441 367 2499 tentis
400 2438 812 2514 quibuscunque
843 2439 1024 2498 minus
1048 2438 1437 2514 probabilibus,
1472 2456 1593 2513 quae
1628 2437 1712 2495 his
1738 2456 1915 2514 oppo-

210 2517 267 2576 ni
301 2513 506 2592 possent
524 2551 545 2579 ‚
583 2515 888 2575 rationibus.
997 2514 1159 2572 Certe
1193 2514 1231 2572 fi
1264 2511 1438 2574 minus
1469 2513 1803 2590 probabilem
1837 2514 1916 2573 se·-

1048 2590 1160 2650 Sz
1742 2591 1839 2665 qui
