2144 2852
717 222 892 310 vssffi
935 226 966 298 >v
1002 243 1040 283 0
1075 225 1103 308 <
1145 222 1321 303 aaa&
1768 235 1872 312 185

183 371 211 407 .·
305 355 400 416 XI.
437 354 560 414 Nec
591 370 771 414 tamen
803 355 1002 413 horum
1038 356 1196 413 etiam
1230 355 1877 416 erroresdiffimulantur.

166 430 514 504 Argumento
541 432 615 488 est
651 430 739 488 sua
767 430 1005 506 ipsorum
1041 433 1178 488 inter
1209 429 1259 488 se
1296 434 1743 507 compugnantia,
1778 450 1872 507 pa-⁷

167 507 442 564 tentiffima
489 506 875 564 nonnullorum
917 506 982 562 ab
1023 504 1141 581 ipfis
1175 505 1491 563 sancitorum
1530 507 1872 579 perversitas,

165 597 438 645 ortarum,
473 580 535 638 tit
568 580 680 638 fieri
714 583 865 638 omni
898 596 1050 638 aetate
1082 579 1390 645 consuevit,
1421 581 1695 640 Sefi'tarum
1730 585 1870 639 inter

166 671 259 714 eos
281 673 391 713 non
414 674 522 713 tam
543 655 610 713 ad
638 651 1266 713 emendationem'rerum
1293 655 1675 719 humanarum,
1704 656 1871 732 quam

166 728 235 786 ad
266 733 460 805 ingenii
494 731 895 788 ostentationem
929 729 1240 789 docentium
1270 729 1550 805 multiplex
1581 731 1870 801 diversitaS,

166 807 233 865 δε
269 808 515 863 omnium
561 805 795 879 denique
843 807 1082 864 interitus
1121 811 1184 867 &
1230 805 1448 863 oblivio.
1555 805 1873 864 Immortalis

166 882 311 938 enim
344 882 420 938 est
444 886 505 942 δι
532 880 950 956 inexpugnabilis
983 883 1200 945 veritas,
1236 898 1435 938 enerve
1464 884 1525 942 &
1559 879 1746 955 sponte
1783 883 1873 957 sua

165 954 478 1013 evanescens
526 957 880 1014 mendacium.
989 958 1176 1032 Atque
1224 971 1285 1014 ut
1331 973 1556 1014 coeteros
1603 956 1875 1013 brevitatis

167 1030 323 1088 causa
353 1046 576 1093 taceam,
614 1030 701 1087 vel
734 1030 846 1106 ipse
879 1031 1027 1090 Plato
1066 1031 1401 1106 reliquorum
1436 1028 1588 1088 facile
1625 1032 1874 1105 princeps

168 1107 224 1161 in
255 1105 345 1163 sua
381 1104 705 1179 Republica,
733 1124 899 1181 quam
933 1103 1359 1183 perfeffiffimam
1400 1105 1601 1169 voluit,
1636 1123 1873 1164 uxorum

169 1182 609 1238 communionem
658 1181 932 1257 permisit,
978 1181 1239 1239 adulteria
1288 1179 1423 1238 licita
1474 1179 1721 1238 asseruit:
1757 1200 1873 1250 om-

172 1258 323 1313 nium
370 1255 502 1314 vero
551 1259 846 1331 generatim
895 1257 1065 1332 lapsus
1111 1254 1357 1331 Apostoli
1407 1256 1707 1312 testimonio
1744 1273 1873 1316 mox

169 1329 437 1388 laudando
471 1331 764 1405 patebunt:
806 1331 913 1389 ch
939 1331 1075 1389 vero
1095 1329 1340 1394 sufficiat,
1363 1329 1516 1407 quod
1547 1348 1734 1388 omnes
1762 1331 1875 1406 pai?-

169 1406 269 1465 fim
303 1408 651 1470 conveniant,
691 1405 991 1465 doctrinam
1016 1406 1192 1480 Pytha
1233 1424 1491 1464 oreorum
1516 1404 1874 1469 obscuram&

168 1480 612 1555 superstitiosam,
648 1480 1042 1540 Platonicorum
1075 1499 1177 1538 con
1206 1479 1350 1536 usam
1388 1485 1451 1540 &
1481 1480 1876 1553 perturbatam,

171 1557 479 1612 Stoicorum
513 1557 749 1611 tetricam
765 1592 784 1619 ,
810 1556 1131 1629 paradoxam
1160 1559 1223 1614 δε
1262 1556 1317 1610 in
1357 1553 1537 1610 multis
1570 1552 1878 1630 absurdam3

172 1630 579 1703 Epicuraeorum
617 1627 944 1692 dissolutam,
965 1631 1187 1701 impiam
1221 1632 1282 1687 &
1316 1630 1628 1700 impuram3
1667 1627 1878 1704 Peripa-

175 1707 462 1762 teticorum
491 1699 860 1775 imperfectam
882 1703 1061 1759 saltem
1090 1704 1152 1762 &
1174 1701 1431 1776 abjectam
1447 1740 1464 1764 ,
1489 1703 1642 1759 nimis
1683 1720 1751 1768 ue
1774 1704 1879 1773 hu,

176 1795 388 1846 manam
412 1795 431 1852 3
467 1779 713 1835 omnium
735 1775 868 1835 vero
903 1778 958 1835 in
991 1776 1235 1852 pluribus
1264 1793 1543 1834 erroneam
1574 1774 1654 1835 fui
1695 1796 1742 1835 e.

343 1925 463 1984 Xll.
498 1924 776 1985 Caeterum
809 1931 871 1990 &
903 1926 1201 1987 Gentilium
1232 1927 1558 2002 Theologiae
1586 1926 1640 1984 id
1671 1926 1877 2002 ipsum,

176 2000 328 2062 velut
357 2001 518 2059 altera
556 2003 833 2077 Religionis
883 2007 945 2065 &
995 2005 1207 2061 rationis
1263 2005 1442 2062 Deum
1475 2002 1683 2060 colendi
1735 2020 1878 2077 pars,

178 2077 434 2136 insertum
470 2076 501 2133 a
531 2078 932 2149 SacerdotibuS,
964 2083 1027 2140 &
1062 2079 1250 2153 Mystis
1281 2077 1580 2136 eorundem
1613 2076 1712 2134 fuit
1730 2095 1746 2151 3
1781 2081 1878 2154 qui

179 2167 376 2226 praeter
403 2170 492 2214 ea,
521 2170 642 2225 quae
680 2153 751 2210 de
778 2156 980 2210 ratione
1004 2153 1184 2210 Deum
1217 2150 1470 2209 sacrificiis
1498 2152 1767 2226 placandi,
1787 2169 1880 2211 aut

182 2227 405 2283 crimina
435 2226 706 2299 expiandi,
736 2231 799 2288 &
834 2245 956 2303 quae
994 2227 1062 2284 de
1102 2228 1344 2285 Numine
1377 2245 1655 2303 quemque
1690 2227 1881 2286 sentire

183 2315 490 2374 oporteret,
527 2300 748 2357 subinde
787 2306 850 2362 &
886 2302 955 2360 de
992 2319 1212 2360 morum
1259 2303 1530 2360 honestate
1563 2304 1787 2378 pariter,
1820 2320 1882 2362 ac

184 2374 378 2449 justitia
409 2372 576 2430 multa
606 2376 945 2451 praecepere3
983 2375 1110 2434 cum
1132 2377 1303 2451 probe
1333 2377 1550 2441 scirent,
1573 2392 1751 2435 mente
1782 2395 1882 2450 pu-

188 2447 248 2504 ra
271 2444 636 2523 scelerumque
666 2466 734 2506 ex.
772 2454 869 2508 erti
904 2451 1084 2510 Deum
1119 2454 1371 2509 duntaxat
1402 2452 1502 2509 coli
1536 2453 1680 2527 posle
1715 2451 1882 2527 quam

188 2520 486 2583 teetiffime.
562 2524 679 2584 lmo
735 2525 809 2586 ub
842 2526 963 2603 ipfis
999 2526 1215 2663 ilerum
1248 2525 1441 2594 fabulis
1484 2533 1548 2592 &
1580 2526 1884 2605 figmentis,

185 2660 187 2662 ,
1122 2619 1151 2659 a
1697 2618 1810 2662 tan-
