2144 2852
742 217 918 300 ‘2503ss
962 223 994 297 >
1031 241 1070 281 0
1107 221 1137 295 (
1179 220 1355 300 ᾧῷ
1803 240 1914 301 103.

204 351 416 428 publica
473 368 489 425 ;
562 351 748 410 Nemo
787 371 972 411 veram
1013 352 1076 410 se
1116 353 1326 411 tradere
1364 352 1520 429 jaciet
1557 354 1920 431 Religionem,

203 426 473 504 suumque
519 447 719 486 coetum
768 430 896 487 vere
947 428 1331 487 orthodoxum
1385 431 1618 505 appellet
1642 471 1657 494 ,
1695 433 1917 508 quando

203 504 434 562 dubium
464 503 694 561 suboriri
730 507 996 580 perpetuo
1033 506 1233 580 potest,
1256 524 1320 562 an
1356 507 1399 564 is
1432 525 1599 565 coetus
1629 510 1798 565 errori
1822 508 1919 565 ob-

201 583 393 638 noxius
426 598 667 637 errorem
702 581 958 644 hauserit,
988 586 1050 642 &
1084 578 1272 638 falsum
1309 581 1497 640 doceat
1535 600 1551 656 ;
1629 584 1816 640 Nemo
1853 584 1916 640 si·

203 656 258 713 bi
300 674 515 730 arroget
551 674 860 730 germanam
900 658 1178 714 Sacrarum
1220 657 1618 731 Scripturarum
1654 662 1917 733 interpre-

201 734 491 794 tationem,
522 749 683 789 nemo
705 732 797 788 sibi
821 733 1155 806 persuadeat,
1189 731 1240 790 se
1270 751 1455 790 earum
1492 733 1700 791 sensum
1734 739 1793 795 δε
1820 735 1916 792 do·

200 823 379 881 gmata
413 806 557 865 νεᾶὲ
590 806 821 882 assequi,
854 809 946 865 ubi
995 807 1222 866 Ecclesia
1256 809 1360 883 ipsa
1403 808 1434 865 {i
1474 808 1688 866 Christo
1726 809 1916 866 consti-

201 898 315 938 tuta
351 882 610 946 deficere,
641 884 959 959 erroresque
991 884 1248 956 adoptare
1299 884 1470 958 possit.
1587 885 1641 941 Si
1679 883 1915 960 denique

198 957 348 1014 Ratio
384 959 616 1014 humana
651 957 874 1016 demum
914 959 1185 1033 postremo
1226 964 1287 1021 &
1323 958 1563 1016 ultimato
1592 959 1915 1034 cognoscere

200 1035 391 1094 vellet,
429 1051 493 1090 an
519 1033 743 1091 Ecclesia
776 1036 986 1098 errarit,
1008 1039 1070 1096 δε
1106 1052 1237 1092 num
1269 1033 1441 1097 τεξὶὲ,
1469 1052 1537 1092 an
1572 1035 1716 1092 secus
1748 1038 1915 1092 inter-

202 1125 404 1186 pretata
444 1108 504 1165 sit
549 1110 730 1166 Sacras
763 1112 1059 1185 Scripturas
1098 1127 1115 1182 3
1154 1127 1337 1166 nonne
1387 1111 1443 1166 in
1482 1111 1720 1167 eundem
1768 1110 1915 1184 laby-

199 1186 442 1243 rinthum
469 1187 920 1243 reincideremusZ
962 1187 1015 1244 Si
1039 1184 1448 1241 infirmissimum
1474 1184 1609 1246 hoc,
1631 1188 1778 1242 omni
1819 1205 1914 1243 au-

200 1263 451 1320 thoritate
484 1261 823 1324 destitutum,
861 1280 920 1319 ac
952 1260 1181 1318 infidum
1215 1260 1444 1317 tribunal
1480 1258 1623 1318 foret
1657 1279 1674 1333 3
1711 1263 1830 1336 quis
1855 1261 1916 1317 li-

199 1336 399 1410 tigandi
448 1335 590 1398 finis,
629 1354 825 1408 quanta
863 1342 924 1397 &
972 1335 1135 1412 quam
1178 1353 1437 1411 perpetua
1474 1337 1806 1409 perturbatio
1850 1342 1912 1398 &c

195 1410 437 1472 confusio
473 1416 525 1467 in
567 1412 788 1468 Ecclesia
823 1412 1047 1474 Christi,
1075 1429 1240 1487 quam
1274 1412 1421 1468 velut
1463 1411 1618 1467 suum
1658 1416 1719 1472 &
1757 1413 1912 1467 Veri-

199 1495 314 1546 tatis
367 1490 606 1561 Regnum
656 1505 764 1562 prae
789 1489 1041 1544 omnibus
1067 1486 1323 1561 operibus
1350 1487 1450 1541 suis
1478 1483 1910 1558 perfeciiffimam

197 1564 398 1632 voluit3
436 1580 629 1637 quanta
669 1562 950 1618 hominum
987 1562 1052 1618 ad
1103 1579 1219 1617 eam
1255 1576 1570 1616 vocatorum
1606 1563 1809 1629 miseria
1845 1564 1908 1621 δε

197 1635 500 1699 infelicitas,
533 1637 702 1711 qualis
735 1638 1014 1712 Religionis
1048 1639 1218 1694 unitas
1251 1638 1314 1695 &
1345 1633 1605 1690 firmitas?

324 1786 471 1844 XIX.
510 1786 687 1859 Qam
727 1784 800 1841 ob
829 1803 944 1842 rem
980 1784 1017 1841 si
1051 1802 1150 1842 nec
1187 1799 1365 1842 tutum
1390 1820 1409 1846 ‚
1440 1799 1538 1839 nec
1572 1781 1790 1856 planum
1834 1782 1905 1842 sa-

196 1867 262 1926 tis
292 1863 359 1921 ad
391 1866 599 1918 unicam
627 1878 808 1917 veram
842 1861 1189 1917 Christianam
1218 1860 1543 1933 Religionem
1567 1857 1597 1914 a
1627 1855 1761 1916 falsis
1789 1859 1905 1934 ejus

199 1941 365 2001 Seffls
415 1936 813 1993 discernendam
875 1939 973 1993 iter
1007 1937 1082 1993 est
1120 1937 1322 2010 privata
1363 1934 1446 1991 illa
1484 1932 1798 2006 dogmatum
1821 1936 1905 1991 di·-

197 2016 468 2076 versarum
509 2012 782 2070 SeE’carum
825 2014 961 2069 inter
996 2011 1046 2068 se
1088 2011 1326 2072 collatio,
1348 2013 1409 2069 &
1448 2008 1513 2064 ad
1551 2009 1721 2067 Sacrae
1767 2011 1904 2068 Scri-

196 2107 402 2168 pturae,
429 2105 522 2145 aut
557 2085 733 2162 potius
770 2087 838 2144 ad
865 2087 1155 2144 ultimatam
1190 2085 1410 2142 infirmae
1447 2084 1670 2140 Rationis
1711 2085 1904 2142 huma-

197 2185 310 2228 nae‚
333 2181 453 2220 utut
486 2162 815 2219 scientiarum
851 2163 1085 2220 subsidiis
1110 2161 1407 2222 instruStae,
1431 2158 1590 2232 super
1618 2156 1725 2232 ipsa
1745 2160 1923 2219 Sacra'

197 2243 468 2311 Scriptura
507 2237 766 2309 iudicium
799 2235 1087 2295 affectantis
1125 2240 1376 2294 trutinam
1416 2233 1687 2306 discusii03
1727 2233 1902 2292 minus

194 2314 329 2373 vero
364 2310 581 2368 coelestis
616 2312 837 2385 quidam·
866 2311 1067 2370 afflatus
1115 2313 1379 2385 expectari
1419 2309 1586 2383 potest
1609 2346 1627 2370 ,
1686 2308 1774 2364 sed
1809 2329 1901 2367 au-

197 2390 445 2451 thoritate
481 2384 705 2441 demum
742 2388 861 2444 viva
897 2387 1105 2460 publica
1141 2403 1280 2460 opus
1312 2386 1385 2440 est
1414 2402 1429 2456 3
1471 2382 1654 2439 eadem
1690 2383 1777 2441 hic
1813 2388 1897 2443 via

197 2461 415 2525 terenda
447 2461 550 2522 est,
583 2478 702 2534 quae
734 2467 793 2522 &
827 2462 1063 2535 superius
1098 2462 1299 2518 homini
1327 2459 1496 2515 salutis
1525 2458 1627 2514 suae
1662 2464 1723 2519 &
1754 2463 1896 2515 veri-

197 2543 313 2602 tatis
348 2535 580 2597 studioso
616 2536 912 2614 praescripta
950 2537 1090 2601 fuit,
1130 2555 1190 2594 ut
1227 2534 1377 2594 facile
1414 2552 1474 2593 ac
1511 2533 1629 2591 tuto
1673 2534 1894 2592 Christi-

1710 2627 1821 2669 anae
