2144 2852
222 228 297 288 14
768 211 1378 299 ᾣῡ)ο(ᾣῇ

219 345 363 403 XIII.
393 315 399 321 ι
436 344 602 405 Ηιιηι·’
618 350 689 416 &⁴
727 350 1000 423 Christiana
1029 351 1216 426 Religio
1251 369 1349 407 non
1384 346 1586 424 refugit.

218 429 365 490 XIV.
436 434 655 509 Reliquae
686 436 957 510 Religiones·
994 439 1140 494 etiam
1169 437 1382 511 priorem
1421 435 1688 494 admittunt
1730 433 1927 494 dubita·

427 512 627 574 tionem,
652 510 840 584 fiilicbt
866 514 1138 587 dogmatum
1167 512 1575 588 impugnativam.

221 592 344 651 XV.
414 594 592 670 AEqua
624 598 833 671 conditio
864 598 1147 665 Infidelibus
1172 615 1361 673 quoque
1390 595 1612 668 offertur.

490 993 511 1017 ᾗ
590 1023 603 1047 '·
621 1015 782 1073 Eram
826 1016 1006 1090 itaque
1033 1013 1363 1089 Religionem
1396 1031 1462 1072 ex
1491 1012 1684 1080 Divina
1720 1008 1930 1072 tantum

653 1089 1008 1153 revelatione,
1033 1091 1141 1165 qua
1175 1092 1466 1148 altiffimam
1498 1090 1645 1147 suam
1667 1089 1932 1147 Volunta-

655 1183 764 1223 tem
795 1166 1111 1241 supremum
1136 1166 1359 1224 Numen
1392 1165 1595 1224 homini
1619 1162 1934 1229 manifestet,

650 1242 972 1299 descendere
1006 1241 1179 1316 posse,
1211 1243 1512 1300 luculenter
1544 1241 1809 1299 ostensum
1839 1239 1930 1297 ha-

223 1315 410 1375 &enus
450 1315 702 1382 videtur,
738 1335 838 1375 nec
884 1317 1131 1374 ulteriora
1169 1318 1282 1394 ejus
1317 1322 1393 1375 rei
1431 1335 1749 1392 argumenta
1797 1331 1931 1373 con-

222 1410 343 1450 cors
374 1391 611 1468 alioquin
643 1396 888 1451 omnium
921 1393 1145 1451 omnino
1169 1395 1500 1468 populorum
1524 1411 1585 1451 ac
1614 1407 1930 1468 temporum

222 1469 528 1526 existimatio
547 1505 567 1532 ‚
598 1487 723 1544 quae
758 1468 1118 1531 universaliter
1149 1470 1329 1526 fallere
1353 1487 1461 1528 non
1498 1469 1699 1543 potest,
1718 1485 1808 1525 aut
1836 1483 1933 1524 ex-

220 1545 345 1618 igit,
379 1560 470 1601 aut
496 1545 741 1602 admittit.
816 1544 935 1602 Hac
967 1545 1099 1602 vero
1133 1544 1398 1621 supposita
1430 1543 1751 1601 revelatione
1781 1542 1925 1600 illam

221 1619 553 1693 Religionem
603 1618 855 1678 divinitus
885 1620 1166 1678 revelatam
1204 1622 1270 1677 ab
1313 1621 1565 1678 omnibus
1609 1617 1931 1693 amplecten-

221 1694 347 1753 dam
396 1695 522 1758 effe,
557 1696 764 1754 indoles
814 1695 923 1772 ipsa
970 1696 1306 1753 revelationis
1347 1695 1611 1770 postulat,
1646 1691 1773 1751 cum
1806 1693 1927 1750 Deo

221 1770 421 1843 aliquid
452 1770 686 1828 afferenti
733 1771 987 1836 assensus,
1042 1777 1104 1834 δι
1153 1774 1479 1848 praecipienti
1530 1770 1832 1828 obedientia
1861 1769 1930 1827 ab

222 1849 371 1903 omni
402 1846 641 1903 creatura
675 1847 907 1904 rationali
945 1847 1242 1920 debeatur3
1282 1867 1403 1923 quae
1429 1863 1490 1904 ut
1512 1846 1720 1920 praestet
1744 1845 1929 1907 homo,

222 1921 385 1977 debet
408 1919 501 1995 ipsi
534 1924 775 1995 generica
804 1921 1050 1995 quaedam
1081 1923 1360 1996 Religionis
1383 1940 1526 1978 verae
1556 1921 1673 1977 idea
1694 1919 1796 1977 effe
1823 1921 1927 1975 im-

223 1994 428 2070 presta,
459 2011 526 2051 ex
558 2014 663 2071 qua
695 1998 751 2052 in
783 1999 1021 2053 notitiam
1057 1996 1194 2054 illius
1227 1998 1482 2054 devenire
1514 2011 1690 2071 queat.
1764 1993 1928 2053 Unde

226 2088 474 2147 quaenam
505 2072 589 2129 illa
636 2071 836 2145 Religio
870 2071 1095 2128 revelata
1134 2077 1195 2133 &
1242 2072 1373 2129 ideis
1418 2071 1620 2128 homini
1671 2070 1928 2145 impreffis

225 2149 628 2205 convenientior
675 2150 814 2203 inter
852 2163 930 2203 tot
960 2145 1105 2203 falsas
1135 2147 1342 2209 existat,
1371 2145 1671 2223 inquirendi
1710 2145 1928 2203 neceffi-

224 2239 388 2279 tatem
421 2225 673 2281 omnibus
705 2229 819 2279 sana
854 2225 987 2279 ratio
1022 2224 1274 2296 imponit,
1304 2241 1371 2279 ne
1397 2223 1606 2284 Deum,
1631 2237 1797 2295 quem
1833 2238 1927 2277 co-

224 2298 258 2353 li
294 2297 522 2364 debere,
555 2317 653 2356 nec
687 2302 864 2355 tamen
897 2297 1025 2361 alio,
1057 2297 1222 2373 quam
1259 2300 1365 2372 ipse
1396 2298 1550 2360 velit,
1573 2297 1723 2355 cultu
1739 2295 1933 2428 spoffe,

226 2372 486 2446 agnoscit,
518 2376 602 2433 vel
652 2373 869 2447 indigna
904 2371 1085 2447 plane,
1109 2373 1195 2432 vel
1225 2373 1402 2433 saltem
1441 2373 1643 2449 ingrata
1677 2375 1734 2447 ip
1756 2391 1775 2428 ι
1806 2372 1927 2429 rati-

224 2465 330 2504 one
360 2449 623 2510 honorare
658 2450 954 2528 praesumat.

1657 2595 1721 2654 11.
1747 2595 1858 2655 Ve-
