2144 2852
230 217 306 267 10
781 200 1175 282 ίᾗηὲᾰὶῡῖ
1219 200 1395 282 &aff

224 335 490 412 praecipit,
521 332 725 398 laudat,
753 354 813 394 ac
844 337 1111 411 praemiat,
1148 335 1298 410 quod
1330 334 1488 392 altera
1522 346 1694 397 vetat,
1717 332 1934 393 damnat

227 417 289 473 &
330 414 514 484 punit,
546 412 817 487 aequaliter
845 413 875 468 a
903 413 1024 469 Deo
1055 413 1338 475 revelatas,
1365 409 1521 485 aeque
1555 410 1627 467 illi
1659 423 1834 486 gratas
1868 415 1932 471 &

225 488 292 545 ad
321 487 485 544 finem
525 487 778 546 ultimum
821 489 1176 562 perducentes
1208 505 1269 545 ac
1301 484 1615 544 sufficientes
1647 504 1830 543 tenere
1869 491 1932 548 &

221 563 443 620 aflerere
490 563 687 621 liceret.
797 565 850 621 Si
891 564 1125 639 denique
1171 561 1468 637 gloriosum
1496 563 1578 619 est
1618 560 1931 619 Monarchae

219 641 454 713 cuipiam
490 639 671 696 multis
706 640 824 714 jura
859 640 1038 696 dicere
1070 639 1421 701 Nationibus,
1453 636 1546 695 etfi
1581 637 1820 694 moribus
1845 637 1929 694 11ae

219 733 281 773 ac
311 716 553 772 institutis
588 714 916 788 discrepent,
953 713 1016 771 ut
1051 714 1313 772 Soldanus
1347 715 1589 771 Henri'co
1619 713 1737 769 X11.
1767 713 1931 770 Bava-

217 792 312 848 riae
348 789 484 847 Duci
522 790 843 864 respond-isse
872 789 1051 848 fertur
1081 792 1137 848 in
1173 789 1450 847 Annalibus
1481 789 1667 863 Bojicis
1693 801 1844 864 parte
1877 805 1929 845 Ι.

217 885 260 924 c.
288 889 360 922 22.
399 884 534 923 num.
555 886 634 927 39.
746 866 1070 943 Iniuriosum
1107 864 1283 941 potius
1315 863 1566 922 futurum
1601 865 1677 920 est
1715 865 1869 928 Deo,
1890 863 1929 921 fi

217 944 373 999 variis
410 941 617 999 colatur
645 941 1006 1016 Religionibus
1021 981 1037 1003 ‚
1058 959 1182 1016 quae
1210 945 1271 1001 δε
1292 940 1544 1014 dogmata
1567 945 1628 1000 &
1652 941 1783 996 ritus
1805 939 1930 996 sub-

216 1017 473 1076 stantiales
506 1018 574 1091 ab
610 1019 701 1080 iis,
734 1022 873 1091 quos
913 1017 1022 1090 ipse
1053 1016 1306 1074 revelavit
1341 1024 1402 1077 δε
1438 1017 1719 1089 praecepit,
1748 1014 1927 1071 diver-

213 1095 297 1150 sos
333 1093 575 1149 babeant.
682 1092 831 1148 Nam
864 1091 956 1149 etsi
994 1108 1178 1150 mores
1215 1097 1278 1153 &
1324 1092 1554 1148 instituta
1596 1090 1927 1165 populorum

213 1184 462 1244 pugnent
494 1170 632 1224 inter
659 1167 740 1230 se,
774 1185 886 1225 non
923 1183 1100 1224 tamen
1134 1183 1379 1242 pugnant
1401 1184 1525 1224 cum
1558 1185 1652 1229 eo,
1687 1166 1836 1241 quod
1862 1165 1926 1222 si-

213 1245 270 1302 bi
304 1242 641 1316 propofitum
679 1242 842 1300 habet
869 1244 1145 1318 Princeps,
1171 1242 1259 1300 sed
1295 1259 1469 1318 parata
1493 1241 1612 1299 sunt
1647 1241 1838 1298 cedere
1863 1246 1925 1302 &

214 1318 440 1377 demisse
474 1320 716 1376 venerari
745 1319 890 1393 leges
927 1319 1035 1375 illas
1083 1337 1144 1375 ac
1188 1321 1409 1392 imperia
1435 1358 1451 1380 ,
1497 1336 1620 1393 quae
1655 1320 1694 1374 is
1732 1316 1857 1373 inde
1894 1316 1926 1374 fi

214 1396 483 1470 principio
520 1410 775 1468 tanquam
814 1394 955 1451 bases
984 1394 1315 1451 Monarchiae
1346 1394 1449 1451 suae
1482 1394 1691 1455 tulerit,
1721 1393 1814 1456 sic,
1863 1408 1927 1450 ut

215 1472 299 1527 his
337 1470 496 1526 nullae
532 1469 737 1543 Leges,
776 1470 935 1526 nullae
984 1469 1393 1527 consuetudines
1424 1469 1779 1542 Municipales
1827 1487 1927 1526 un·

258 1563 381 1602 uam
416 1544 750 1618 praevaleant.
824 1547 1013 1621 Atque
1035 1544 1139 1603 hoc
1173 1545 1346 1619 ipsum
1377 1545 1462 1600 vel
1487 1545 1607 1600 Deo
1635 1543 1926 1617 gloriosum

214 1564 388 1680 ἓοτεε,
413 1619 477 1683 fi,
508 1620 671 1694 prout
704 1638 945 1695 oportet,
975 1619 1124 1678 fieret
1147 1658 1170 1684 ,
1205 1626 1265 1681 ὅ(
1296 1621 1382 1677 illa
1414 1619 1681 1676 diversitas
1715 1617 1924 1677 tantum

215 1697 517 1754 confisteret
567 1698 621 1752 in
653 1698 982 1753 caeremoniis
1031 1696 1343 1754 decentibus
1378 1695 1557 1752 adhuc
1590 1694 1925 1767 Maiestatem

215 1773 498 1833 Divinam,
520 1772 590 1827 ab
619 1771 796 1845 eoque
829 1790 940 1829 non
966 1772 1275 1846 prohibitis,
1297 1786 1388 1828 aut
1422 1771 1492 1827 illi
1526 1768 1703 1827 cultfis
1734 1769 1811 1826 sui
1842 1788 1924 1828 ra-

217 1850 346 1905 tioni
379 1847 446 1902 ab
480 1864 548 1901 eo
583 1847 827 1902 revelatae
870 1865 979 1903 non
1028 1848 1469 1922 repugnantibus.
1580 1846 1699 1901 Lex
1732 1843 1924 1902 funda·

215 1922 458 1981 mentalis
503 1921 855 1993 providentiae
904 1922 1109 1978 Divinae
1131 1961 1148 1985 ,
1184 1920 1478 1979 secundum
1516 1938 1682 1994 quam
1717 1937 1922 1977 creatu-

212 2016 329 2056 ram
353 1995 659 2053 rationalem
688 1995 754 2051 ad
770 1995 925 2052 suum
960 1995 1411 2059 finem‚aeternam
1438 1995 1625 2052 scilicet
1647 2013 1708 2053 ac
1738 1995 1921 2070 super-

213 2071 506 2132 naturalem
540 2068 840 2127 felicitatem
889 2069 1098 2144 dirigit,
1120 2071 1335 2144 ipsamet
1368 2070 1444 2127 est
1479 2071 1678 2145 Religio
1711 2071 1921 2128 Divini-

215 2147 305 2207 tus
341 2146 604 2209 revelata,
624 2164 748 2222 quae
781 2147 933 2203 unica
961 2145 1061 2201 effe
1084 2146 1253 2219 potest
1276 2163 1294 2218 3
1330 2146 1548 2220 reliquae
1576 2146 1709 2203 vero
1733 2165 1922 2205 omnes

217 2243 327 2281 non
365 2220 571 2281 tantiam
604 2224 745 2279 inter
775 2221 860 2283 se,
884 2220 972 2278 sed
1003 2239 1129 2278 cum
1155 2221 1253 2277 hac
1281 2220 1385 2295 ipsa
1418 2221 1570 2296 Lege
1598 2219 1918 2279 fundamen-

216 2301 302 2357 tali
337 2302 614 2373 Supremae
642 2297 921 2368 Maiestatis
949 2297 1154 2353 Divinae
1189 2314 1431 2370 pugnant
1470 2314 1485 2355 ε
1559 2299 1694 2369 Quis
1718 2297 1917 2358 idcireo

218 2380 475 2438 miretur,
507 2373 543 2428 fi
576 2374 665 2430 has
694 2373 842 2429 Deus
873 2370 936 2429 ut
966 2371 1090 2428 laesae
1115 2371 1393 2445 Maiestatis
1417 2372 1521 2429 suae
1543 2391 1656 2428 reas
1680 2373 1918 2439 damnet,

217 2450 441 2524 perinde
488 2466 547 2504 ac
594 2447 889 2505 Monarcba
937 2446 1162 2523 quilibet
1202 2447 1477 2504 damnaret
1514 2447 1767 2522 superbos
1800 2448 1916 2508 illos

219 2524 478 2600 populos,
511 2542 646 2597 quos
680 2524 887 2582 videret
912 2540 981 2581 eo
1010 2539 1230 2597 turgere
1256 2520 1392 2581 fastu
1419 2527 1481 2584 &
1511 2523 1834 2608 arrogantia,
1855 2542 1917 2584 ut

1667 2615 1845 2672 priva-
