2144 2852
239 256 338 329 242
781 247 959 330 aa
998 250 1029 328 >
1068 271 1106 312 0
1142 246 1388 332 <aa

244 382 353 441 sam
385 378 662 442 interdum·
692 384 1003 460 permittere
1037 382 1114 442 fas
1146 386 1254 449 est,
1282 383 1450 444 modo
1482 385 1610 445 absit
1644 383 1964 452 scandalum

244 463 308 522 δ’(
343 476 688 535 contemptus
721 477 860 517 verae
915 460 1226 534 Religionis,
1265 465 1359 537 qui
1402 479 1586 520 revera
1621 463 1872 531 subesset,
1908 465 1970 528 ίὶῖΔ

242 537 302 595 in
335 535 547 613 signum
582 534 920 612 explorandae
947 535 1230 613 Religionis
1263 554 1445 596 carnes
1474 556 1894 616 apponerentur.
1954 548 1960 588 ἑ

397 685 566 746 XVII.
603 686 727 748 Nec
757 683 936 747 minus
957 686 1300 765 personarum
1325 687 1426 747 hac
1454 689 1509 747 in
1545 689 1951 752 diffimulatione

240 759 524 827 discrimen
560 765 868 828 habendum
907 782 921 823 t
962 768 1080 823 sunt
1112 765 1523 830 eniminfirmi,
1601 768 1656 824 ui
1703 767 1958 826 saeviente*

237 838 610 913 persecutione
659 841 795 898 dum
842 858 952 906 non
1003 839 1263 916 fugiunt,
1338 841 1431 910 ubi
1481 859 1554 916 po
1596 858 1734 907 unt,
1809 842 1958 919 saepei

237 918 390 989 gravi
422 915 474 972 se
509 919 783 974 tentationi
817 934 1124 991 exponunt,
1147 934 1207 974 ac
1241 916 1467 992 proinde
1495 935 1747 992 tanquam
1776 936 1950 976 teme-

235 995 387 1047 rariae
416 993 842 1066 praesumptionis
875 995 948 1049 rei
983 992 1013 1048 ὃ
1045 993 1241 1050 Sans-,tis
1277 992 1514 1049 Patribus
1546 993 1662 1065 jure
1694 1011 1754 1051 ac
1787 997 1956 1068 meri«,

235 1066 296 1124 to
327 1067 794 1124 condemnantur:
871 1068 988 1125 Ιηιὸ
1018 1085 1207 1124 omnes
1241 1066 1530 1142 fragilitatis
1557 1071 1805 1126 bumanae
1835 1086 1961 1127 me·-

233 1156 444 1205 mooes,
479 1142 683 1217 sibique
716 1143 908 1199 conscii
945 1142 1125 1217 potius
1166 1143 1364 1201 horum
1389 1142 1418 1200 ὲ
1444 1161 1673 1201 numero
1698 1144 1802 1201 sese
1823 1162 1950 1202 cen-

232 1218 350 1275 sere
388 1217 663 1274 deberent.
780 1218 937 1276 Unde
975 1236 1296 1293 praeceptam
1335 1218 1436 1276 esse
1484 1219 1951 1280 diffimulationem

233 1297 300 1354 ὅ(
333 1289 550 1367 fugam,
589 1294 642 1350 S.
677 1292 990 1350 Athanasius
1023 1311 1089 1350 ex
1121 1313 1188 1351 eo
1220 1296 1478 1357 ostendit,
1514 1294 1665 1370 quod
1700 1295 1952 1354 homines

233 1370 402 1442 ignari
442 1367 540 1424 sint
574 1372 830 1444 temporis
865 1369 895 1426 fi
929 1368 1121 1425 Divina
1202 1370 1495 1427 rovidentia
1528 1370 1617 1424 fibi
1650 1373 1948 1436 constituti,

231 1445 288 1501 in
332 1445 575 1501 manibus
622 1461 800 1501 autem
849 1444 950 1501 Dei
1000 1443 1097 1502 sint
1169 1461 1308 1503 ortes
1347 1444 1664 1508 hominum,
1694 1445 1848 1520 cujus
1884 1446 1947 1504 sit

227 1519 479 1577 occidere
528 1524 591 1581 &
635 1519 915 1578 vivificare.
1069 1519 1137 1578 Et
1173 1523 1227 1577 in
1277 1524 1472 1596 Apolog.
1506 1535 1595 1592 pro
1624 1519 1758 1595 fuga
1781 1521 1883 1592 sua
1921 1536 1948 1582 .-

228 1597 651 1672 „Qapropter‚
686 1597 887 1669 inquit,
919 1595 1093 1654 Sanffi
1134 1593 1194 1653 fu
1239 1599 1400 1653 ientes
1450 1596 1553 1652 sese
1587 1596 1948 1661 occultabant.

227 1677 328 1737 22&
359 1687 456 1744 per
489 1669 927 1746 dispensationem
970 1669 1032 1729 iit
1086 1671 1184 1728 Me
1226 1674 1290 1729 ici
1332 1675 1384 1728 in
1427 1672 1546 1728 usus
1584 1671 1947 1746 indigentium

228 1746 674 1812 „reservabantur
711 1763 727 1805 ε
805 1748 1034 1823 Reliquis
1066 1764 1243 1804 autem
1284 1752 1345 1809 &
1383 1749 1437 1804 in
1481 1746 1790 1804 universum
1821 1765 1947 1807 om-

227 1825 422 1887 „nibus
450 1839 511 1878 ea
542 1820 629 1877 lex
660 1822 928 1895 proposita
959 1823 1059 1885 est,
1089 1840 1150 1880 ut
1177 1820 1412 1897 fugiant,
1444 1822 1578 1879 dum
1617 1824 1670 1879 in
1702 1823 1951 1896 persecu-

228 1899 498 1964 „tionibus
526 1898 891 1972 appetuntur,
943 1904 1006 1959 &
1041 1899 1308 1956 occultent
1344 1898 1480 1961 sese,
1516 1897 1651 1955 dum
1686 1915 1944 1973 quaerun-

226 1991 393 2046 „tur3
431 1990 610 2047 neque
648 1974 942 2046 praecipites
987 1973 1115 2037 sint,
1156 1974 1531 2047 temerariique
1578 1976 1633 2029 in
1685 1972 1945 2029 tentando

226 2049 502 2115 „Domino
528 2087 544 2111 ,
607 2046 695 2104 sed
749 2046 1034 2122 expeaent
1058 2087 1075 2110 ‚
1134 2047 1308 2115 donec
1345 2047 1624 2104 definitum
1673 2047 1941 2105 moriendi

226 2141 476 2198 „tempus
506 2122 830 2185 advenerit·‚
874 2139 967 2179 aut
1013 2122 1195 2195 Judex
1248 2122 1365 2184 ille,
1401 2121 1554 2197 quod
1594 2120 1686 2177 fibi
1724 2121 1941 2182 testum

225 2200 529 2266 „videatur‚
559 2199 628 2256 de
662 2200 721 2255 iis
752 2198 1115 2269 constituerit3
1153 2195 1240 2253 sed
1272 2212 1447 2253 tamen
1484 2213 1581 2253 nos
1611 2195 1823 2272 semper
1850 2215 1945 2272 pa-

226 2284 406 2341 „ratos
443 2275 545 2333 esse
580 2273 785 2347 voluit,
827 2290 888 2331 ut
921 2271 1008 2329 vel
1041 2287 1264 2329 vocante
1300 2289 1578 2346 tempore,
1615 2271 1702 2329 vel
1741 2289 1946 2348 appre-

227 2351 408 2417 „henfi
443 2369 545 2426 pro
577 2348 799 2407 Ecclesia
830 2346 998 2423 usque
1018 2346 1084 2403 ad
1114 2364 1343 2405 mortem
1367 2348 1699 2406 dimicemus,
1797 2349 1936 2407 Haec

226 2428 397 2494 „beati
458 2427 732 2499 Martyres
789 2423 1125 2497 temporibus
1192 2425 1623 2498 persecutionum
1687 2421 1939 2482 observa.

226 2517 401 2569 „runo
439 2543 455 2561 .
491 2541 507 2560 .
541 2543 560 2560 .
595 2499 803 2574 Qlodsi
837 2498 1057 2574 quidam
1097 2515 1162 2555 ex
1199 2500 1255 2555 iis
1295 2498 1347 2555 se
1385 2499 1809 2573 persecutoribus
1837 2498 1943 2557 de·

225 2578 478 2648 vindere,
501 2593 614 2639 non
647 2578 942 2638 temeritate
968 2573 1038 2637 ,οὸ
1061 2574 1431 2652 rapiebantur,
1457 2573 1549 2640 sed
1573 2573 1759 2650 paffim
1777 2574 1937 2708 {End

331 2679 340 2693 .
390 2685 394 2690 .
1036 2691 1062 2700 ,t
1134 2689 1144 2696 .
1698 2666 1774 2716 „o
