2144 2852
745 158 1415 265 ssbssi‘)0(※0sss
1790 171 1952 256 ‘181'

192 319 441 394 rentque.
514 313 824 390 Erumpere
847 315 974 373 inde
1005 318 1070 372 in'
1093 334 1275 390 aevum
1311 335 1474 375 omne
1507 316 1683 382 nefas,
1718 317 1897 376 homi·

192 413 330 453 num
363 395 603 469 pravitas
637 390 811 465 magis
846 392 1132 467 magisque
1164 393 1215 449 se
1306 395 1502 451 rodere
1527 430 1545 458 ,
1579 392 1896 457 fraudibus>

189 471 358 533 dolis,
404 468 457 525 se
491 469 731 525 invicem
766 469 1195 531 circumvenire,
1244 412 1528 527 {cleribus
1569 470 1893 546 injuriisque

186 564 304 604 nec*
341 544 576 601 modum
599 578 615 604 ,
665 560 765 599 nec
798 541 964 599 finem
994 544 1236 608 statuere.
1349 548 1465 622 Qi
1500 548 1672 624 igitur
1701 564 1891 602 rerum

188 621 459 679 summam
492 617 772 680 tenebant,
811 637 971 676 ruere
1003 622 1268 694 praecipiti
1299 621 1451 683 casu,
1486 625 1548 682 &
1575 620 1891 678 collabasce-

188 716 250 754 re
285 699 529 753 civitates
580 693 953 769 intelligebant
977 729 994 757 ,
1045 695 1105 751 ni
1140 698 1271 753 vitia
1321 695 1613 758 hominum
1648 696 1755 753 suis
1788 699 1892 752 cir-

187 771 680 830 cumscriberentur
711 769 976 827 limitibus
994 805 1009 833 ,
1032 771 1318 847 poenisque
1341 769 1889 844 coercerentur3ci1m

186 851 332 904 enim
378 848 628 921 parentes
675 845 1041 920 negligentius
1077 845 1174 903 suo
1223 865 1452 904 munere
1498 843 1887 921 fungerentur,

181 921 392 980 feroces
423 921 707 982 homines,
737 921 1035 996 legumque
1068 939 1474 997 con-temptores
1507 922 1633 979 inde
1660 922 1889 996 prodire

178 997 385 1055 necesse
420 1012 559 1059 erat,
597 998 693 1071 qui
737 995 1077 1070 persuasione
1113 1001 1175 1058 &
1213 997 1467 1073 exemplo
1497 997 1657 1060 alios,
1688 997 1756 1054 ad
1786 999 1885 1053 im-

180 1076 443 1149 pietatem
476 1077 537 1133 &
570 1075 779 1146 quaevis
813 1071 1005 1129 scelera
1041 1074 1358 1135 invitarent,
1396 1077 1458 1134 &
1487 1076 1731 1129 civitates
1773 1091 1885 1130 non

181 1148 305 1206 raro
340 1151 395 1204 in
423 1149 660 1203 maxima
693 1146 872 1205 salutis
906 1166 966 1204 ac
1002 1149 1402 1224 tranquillitatis
1435 1148 1743 1211 discrimina
1793 1148 1884 1205 ad·-

179 1224 455 1281 ducerent.
535 1223 828 1279 Venenum
867 1225 1014 1280 enim
1049 1224 1221 1287 istud,
1260 1224 1298 1280 si
1337 1223 1497 1280 semel
1536 1224 1887 1299 quorundam

179 1315 389 1356 men-tes
426 1296 658 1359 afflavit,
696 1297 861 1373 longe
906 1298 1121 1374 lateque
1166 1299 1360 1374 serpit,
1401 1302 1547 1356 vires
1585 1299 1768 1356 eun-do
1802 1299 1884 1357 su-

178 1377 309 1437 mit,
347 1379 408 1437 &
437 1377 770 1430 incrementa
806 1376 1099 1448 inopinata.
1213 1377 1402 1469 Atque
1440 1374 1513 1431 ite
1542 1373 1723 1448 spreto
1760 1377 1884 1432 rati-

178 1453 300 1508 onis
328 1452 593 1524 imperio,
628 1452 689 1508 &
723 1449 1013 1510 domestic&
1048 1449 1331 1524 disciplina
1367 1449 1644 1524 neglefitss,
1682 1450 1754 1505 ad
1787 1450 1883 1506 ob-

176 1525 435 1580 servanda
462 1542 559 1585 ea,
604 1541 728 1597 quae
762 1524 983 1580 honesta
1014 1523 1162 1586 sunt,
1231 1543 1317 1580 uae
1350 1525 1563 1596 turpia,
1602 1521 1882 1598 fugienda,

176 1598 429 1656 homines
481 1597 811 1656 authoritate
847 1598 1067 1672 public-21
1105 1597 1194 1653 san
1258 1594 1578 1672 'onibilsque
1626 1598 1880 1655 civilibus

176 1673 545 1748 compellendi
603 1669 817 1728 fuerant
851 1690 871 1743 3
947 1675 1272 1745 cumprimis
1335 1670 1495 1735 vero,
1532 1690 1657 1747 quae
1707 1672 1880 1730 homo

175 1749 390 1806 homini
419 1762 698 1823 praeeunte
737 1764 799 1803 ac
829 1746 1159 1820 praelucente
1191 1747 1400 1806 ratione
1434 1747 1692 1822 debebat,
1724 1748 1879 1807 sedu-

177 1824 233 1882 1ὸ
266 1840 417 1881 erant
449 1822 793 1883 inculcanda,
830 1818 959 1879 cum
987 1821 1261 1897 proclives
1291 1822 1450 1881 valde
1481 1823 1755 1899 pronique
1781 1824 1881 1882 {int

175 1899 434 1957 mortales
455 1935 474 1962 .
513 1898 583 1955 ad
616 1897 667 1954 se
702 1900 938 1955 invicem
973 1897 1277 1957 stimulante
1311 1897 1546 1954 habendi
1582 1898 1880 1972 cupiditate

173 1975 477 2038 laedendos,
509 1974 658 2031 unde
687 1973 810 2030 lites
842 1972 1354 2048 contentionesque,
1390 1977 1450 2032 ὅ(
1488 1972 1723 2035 infinita,
1758 1977 1880 2049 qui-

173 2051 408 2108 buscum
436 2048 747 2107 civitatibus
781 2047 1206 2105 conflictandum
1240 2050 1340 2110 est,
1373 2048 1512 2104 mala
1536 2048 1874 2108 enascuntur.

172 2126 282 2184 Sed
311 2130 372 2186 &
404 2127 665 2200 utrinque
696 2126 900 2199 patuit,
933 2124 1086 2199 quod
1115 2141 1401 2199 nunquam
1431 2120 1546 2180 fere
1575 2141 1690 2180 non
1717 2141 1877 2198 expe-

176 2198 369 2257 rientia
400 2202 481 2256 ‘est
509 2199 967 2273 comprobatum,
999 2199 1346 2257 clarissimum
1386 2198 1524 2255 illud
1562 2195 1877 2273 fulgentissi-

173 2270 444 2348 mumque
478 2274 666 2330 lumen
700 2272 939 2330 infusum
966 2274 996 2330 a
1031 2274 1409 2349 sapientiffnno
1445 2275 1722 2336 Numine,
1757 2275 1875 2332 infi-

171 2346 408 2423 tumque
438 2348 758 2405 mortalium
795 2349 1138 2422 perior-ibus,
1180 2350 1331 2408 velut
1370 2348 1608 2405 nubibus
1648 2349 1873 2424 quibus-

171 2424 302 2499 dam
339 2422 592 2480 obductis
616 2458 633 2486 ‚
684 2422 966 2487 abscondi,
999 2444 1102 2482 nee
1139 2428 1348 2486 cuivis,
1380 2424 1514 2499 quid
1542 2424 1872 2499 pulc-hrum,

169 2493 571 2574 honestumque
604 2498 691 2563 fit,
722 2500 859 2577 quid
895 2515 1058 2632 turpZe
1086 2497 1398 2564 foedirmve,
1430 2498 1640 2575 semper
1669 2500 1873 2576 perspi-

1092 2590 1128 2651 3
1728 2594 1794 2634 ci.
