2144 2852
773 127 1380 255 eranceri
1682 120 1694 125 ’
1860 194 1930 250 ις

349 306 424 364 ΙΙ.
462 304 709 362 Veritatis
751 306 958 380 quippe
992 310 1228 381 cognitio
1259 315 1322 371 &
1361 325 1515 367 amor
1548 307 1799 367 naturalis
1833 309 1932 369 ho-

214 386 351 446 mini
386 384 492 445 est,
537 381 690 454 cujus
730 380 848 438 luce
881 385 1091 440 animus
1120 385 1280 459 ipsius
1314 385 1576 443 rationalis
1612 384 1930 451 illustretur,

212 479 370 520 error
405 461 665 519 evitetur,
692 461 752 520 &
784 459 1076 531 ignorantia
1107 462 1254 519 malis
1281 461 1715 534 perniciosiffimis
1749 480 1930 519 aecen-

215 537 410 598 seuda,
437 534 550 591 imo
586 533 922 607 reliquorum
974 538 1219 594 omniurn
1254 536 1407 595 facile
1445 555 1615 594 mater
1644 541 1704 597 ὃς
1743 542 1929 613 origo,

217 614 327 690 qua
359 612 424 669 ad
455 611 648 666 sortem
676 608 951 683 pecudum
982 611 1261 685 abjicitur,
1282 614 1614 690 expellatur3
1652 613 1720 669 Et
1743 632 1927 688 quam-

217 691 299 747 vis
329 685 629 745 abscondita
669 684 754 741 illa
787 683 922 759 saepe
951 686 1012 743 sit
1043 705 1105 744 ac
1138 687 1353 746 difficile
1387 692 1715 750 inveniatur,
1745 707 1806 745 ac
1831 708 1926 746 no-

217 765 420 826 scatur,
451 779 517 818 ex
545 763 723 817 innato
756 776 934 818 tamen
966 763 1081 836 ejus
1114 764 1446 840 affequendae
1482 765 1658 822 studio
1687 762 1835 822 facile
1860 766 1926 823 ab

211 839 470 899 omnib-us
500 839 795 911 appetitur,
827 854 889 894 ac
922 855 1154 903 amatur,
1186 839 1248 897 ut
1282 843 1499 898 testatur
1530 840 1723 897 Cicero
1746 839 1866 896 Lib.
1887 843 1924 898 1.

214 915 439 975 Tuscul.
487 913 687 988 Qaest.
733 911 860 982 Inest
882 953 899 977 ,
931 916 1132 989 inquit,
1163 916 1404 974 mentibus
1432 915 1607 982 nostris
1641 916 1926 985 insatiabilis

213 991 431 1068 quaedam
461 988 703 1062 cupiditas
734 989 851 1046 veri
879 989 1085 1046 videndi
1104 1009 1130 1064 ,¹
1202 991 1270 1050 Et
1305 991 1430 1049 Lib.
1478 1008 1525 1049 1.
1567 989 1727 1048 Offic.
1764 991 1926 1067 Inpri-

214 1070 308 1125 mis
340 1065 403 1136 est
432 1066 610 1122 homini
632 1066 838 1139 propria
887 1066 1005 1122 Veri
1036 1066 1280 1141 inquifitio
1306 1081 1454 1143 atque
1480 1066 1801 1138 investtgatio.

345 1143 434 1200 111.
487 1139 856 1198 Nihilominus
895 1139 1025 1199 cum
1062 1143 1193 1199 nihil
1229 1143 1339 1200 sine
1382 1143 1576 1201 ordine
1611 1158 1702 1199 aut
1737 1141 1925 1217 pulch-

212 1236 370 1281 rum,
392 1234 482 1275 aut
508 1214 813 1291 perfeaum
847 1216 949 1274 effe
986 1219 1171 1292 possit,
1198 1217 1331 1277 sicut
1355 1222 1413 1276 in
1434 1217 1720 1278 dilefflone
1755 1218 1926 1275 bono-

219 1313 375 1358 rum,
426 1293 494 1350 ita
553 1295 712 1348 etiam
753 1295 892 1350 inter
936 1293 1167 1352 diversas
1205 1298 1452 1354 veritates
1498 1295 1641 1352 ordo
1677 1295 1928 1352 constitu-

215 1387 300 1428 tus
334 1371 441 1434 est,
475 1386 536 1426 ut
570 1368 970 1427 deleEtabilibus
998 1371 1180 1435 utile3‚
1211 1372 1430 1429 utilibus
1464 1369 1750 1428 necessariae
1782 1388 1919 1444 prae-

211 1447 509 1504 habeantur
546 1461 564 1516 3
638 1446 824 1519 Atque
860 1446 983 1503 hinc
1024 1463 1141 1503 tum
1179 1450 1458 1522 praeceptis
1488 1447 1590 1503 suis
1629 1446 1776 1502 Deus
1814 1444 1924 1519 ipse

212 1522 500 1585 conditor,
525 1537 641 1577 tum
683 1521 827 1578 Ratio
858 1523 1221 1597 Magistra,&
1259 1524 1469 1580 Natura
1501 1523 1681 1579 nutrix
1712 1522 1923 1576 interno

213 1598 454 1673 quodam
485 1595 720 1669 impulsu
752 1596 820 1653 ad
850 1615 977 1653 eum
1012 1598 1258 1654 ordinem
1281 1600 1336 1652 in
1365 1598 1612 1653 Veritatis
1643 1595 1924 1668 investiga-

194 1678 358 1730 'tione
395 1671 716 1727 servandum
744 1671 988 1745 quotidie
1016 1671 1225 1745 pulsant
1255 1689 1316 1727 ac
1350 1671 1674 1742 hortantur3
1715 1686 1777 1726 ut
1799 1687 1922 1726 om-

213 1747 370 1803 nibus
402 1746 509 1802 aliis
538 1762 723 1800 earum
755 1748 1039 1802 veritatum
1072 1746 1342 1822 inquisitio
1379 1751 1441 1808 &
1488 1747 1723 1819 cognitio
1771 1761 1919 1800 ante-

213 1821 442 1884 feratur,
479 1821 678 1896 quibus
724 1820 1005 1878 erudimur
1037 1824 1092 1877 in
1131 1825 1246 1878 veri
1293 1822 1397 1879 Dei
1436 1822 1736 1893 Religione‚
1764 1819 1919 1877 unica

214 1898 282 1956 ad
315 1897 533 1954 salutem
571 1900 634 1956 &
662 1896 868 1953 beatam
898 1900 1241 1954 aeternitatem
1274 1898 1387 1961 via,
1422 1897 1648 1959 scilicet,
1683 1894 1797 1972 quo
1833 1896 1923 1953 sei-

211 1992 366 2031 amus
399 1972 644 2035 credere,
674 1990 797 2047 quae
821 1972 892 2029 de
923 1973 1045 2031 Deo
1070 1973 1335 2031 credenda
1366 1973 1516 2036 sunt,
1537 1977 1598 2033 &
1625 1972 1807 2028 Deum
1835 1989 1921 2028 co-

211 2050 325 2106 lere
354 2067 414 2106 ac
447 2066 624 2105 amare
658 2067 724 2105 eo
762 2047 948 2111 cultu,
979 2068 1146 2125 quem
1198 2049 1309 2124 ipse
1361 2050 1513 2105 nobis
1548 2049 1921 2103 determinavit

214 2143 276 2182 ac
307 2122 629 2199 praescripsit.
700 2125 755 2181 Si
791 2127 934 2181 enim
963 2143 1175 2183 tantum
1205 2126 1283 2182 est
1316 2124 1475 2198 hujus
1508 2125 1823 2197 negotium,
1856 2138 1918 2177 ut

212 2218 408 2258 coetera
458 2198 692 2274 pratillo
722 2200 1042 2274 negligenda
1089 2206 1151 2262 &
1200 2198 1564 2276 posthabenda
1604 2197 1915 2267 videantur3

214 2276 447 2333 dubium
481 2291 591 2330 non
638 2275 740 2337 est,
764 2276 898 2350 quin
931 2294 1153 2334 omnem
1195 2277 1262 2333 ad
1299 2277 1437 2332 illius
1477 2275 1755 2329 veritatem
1794 2270 1915 2326 affe-

214 2350 487 2427 quendam
515 2367 829 2407 convertere
867 2352 1159 2410 debeamus
1188 2354 1562 2426 cogitationem
1603 2353 1665 2408 &
1701 2364 1915 2409 curam,

215 2445 376 2502 atque
407 2423 542 2481 adeo
575 2424 634 2481 fit
678 2425 987 2485 enitendum
1008 2467 1028 2492 ,
1058 2446 1118 2485 ut
1158 2446 1261 2489 ne,
1301 2444 1429 2483 cum
1461 2440 1628 2480 totam
1663 2422 1821 2478 literis
1854 2427 1916 2483 &

215 2503 448 2564 veritatis
484 2499 804 2576 inquifitioni
848 2507 1011 2563 vitam
1047 2504 1355 2563 dederimus
1376 2538 1396 2566 ‚
1429 2499 1484 2558 id
1531 2515 1702 2557 unum
1738 2496 1915 2630 {idme

1448 2607 1451 2610 ι
1679 2590 1738 2629 re
1787 2592 1841 2631 et
