2144 2852
787 207 1030 299 QQ)
1064 215 1168 291 0¹(
1211 209 1386 293 ⁶3⁶0&
1853 225 1926 285 41

215 349 518 410 mereatur.
613 339 762 402 Hinc
789 344 956 418 porro
991 343 1246 409 efficitur,
1273 364 1365 411 ea,
1395 361 1517 419 quae
1543 357 1928 420 proponuntur

229 421 296 479 ad
327 418 683 481 credendum,
717 421 980 494 ejusmodi
1019 421 1119 477 esse
1142 421 1364 485 debere,
1391 439 1452 478 ut
1483 420 1752 478 credibilia
1776 419 1927 476 vide-

229 513 414 559 antur,
449 496 554 552 hoc
587 495 688 557 est,
720 513 782 552 ut
821 495 967 553 causa
1000 495 1143 553 nulla
1178 496 1274 560 fit,
1308 510 1473 573 quam
1507 497 1580 554 ob
1625 515 1740 553 rem
1777 512 1928 553 mens

226 571 587 646 judicet,talia
608 570 752 626 credi
778 588 877 628 nec
900 570 1070 646 posse,
1091 589 1189 628 nec
1213 572 1423 630 debere.
1529 571 1689 629 Unde
1702 573 1928 627 Tertius

214 646 378 720 ‚Kafi'tus
410 647 486 702 est
520 645 803 720 judicium,
827 650 949 720 ‘quo
986 663 1136 703 mens
1173 648 1473 722 ponderatis
1510 648 1722 704 motivis
1757 646 1928 703 credi-

216 721 438 793 quilitatis
468 721 614 777 certo
646 720 871 794 judicet,
911 721 1130 778 omnino
1170 723 1434 780 credibilia
1469 722 1601 785 effe,
1642 740 1766 796 quae
1803 738 1927 795 pro-

227 811 541 872 ponuntur3
573 811 732 870 atque
782 796 896 854 haec
929 799 1118 853 mentis
1149 797 1456 871 dijudicatio
1489 797 1546 853 fit
1577 797 1810 854 adhibita
1846 814 1929 853 ra-

225 874 403 935 tione,
437 888 558 946 quae
602 888 700 946 per
736 871 871 928 hanc
904 873 1149 946 repudiat
1170 912 1184 935 ‚
1205 900 1207 902 ·
1230 873 1497 948 quidquid
1529 872 1738 934 levitas,
1774 871 1931 946 quid-

225 946 362 1023 quid
393 950 617 1008 vanitas,
643 946 911 1021 quidquid
948 949 1192 1019 impietas
1234 948 1683 1010 comminiscitur,
1705 950 1768 1007 &
1804 947 1930 1021 pro'-

224 1023 383 1098 ponit
404 1021 471 1079 ad
491 1021 837 1078 credendum.
951 1022 1055 1079 Sed
1075 1027 1341 1096 &praeter
1369 1023 1475 1081 hoc
1502 1023 1759 1099 judicium
1781 1039 1930 1079 men-

226 1100 322 1160 tis,
355 1096 506 1172 quod
535 1096 564 1153 ὲ
587 1100 801 1154 motivis
822 1097 1178 1160 credibilitatis
1215 1098 1396 1156 educit
1434 1099 1606 1161 Ratio,
1632 1104 1695 1158 &
1730 1097 1804 1154 est
1843 1115 1931 1155 na-

227 1174 427 1234 turale,
466 1172 608 1229 aliud
643 1190 865 1247 quoque
895 1175 1186 1248 requiritur
1218 1192 1317 1231 ceu
1341 1171 1579 1248 Quartus
1613 1173 1790 1235 aetus,
1815 1191 1930 1248 quo

227 1265 381 1305 mens
417 1265 527 1303 non
558 1245 727 1304 solum
759 1247 956 1322 judicet
992 1267 1107 1305 rem
1144 1248 1244 1305 effe
1274 1250 1614 1310 credibilem,
1634 1248 1719 1304 sed
1746 1248 1932 1305 decer-

228 1339 319 1379 nat
351 1322 439 1379 hic
467 1327 531 1383 &
560 1340 706 1380 nunc
734 1322 835 1380 effe
862 1324 1218 1387 credendam,
1242 1323 1703 1400 quemadmodum
1733 1323 1798 1380 ad
1839 1323 1932 1380 eli·-

225 1397 442 1455 ciendos
476 1398 601 1455 alios
633 1398 778 1474 astus
799 1399 1020 1456 aliarum
1052 1402 1348 1462 virtutum,
1379 1418 1507 1473 puta
1547 1398 1933 1462 misericordiae,

228 1472 345 1529 satis
358 1490 468 1529 non
503 1475 605 1537 est,
627 1472 779 1547 quod
803 1492 952 1532 mens
984 1474 1486 1548 judicet,laudabile
1510 1475 1610 1530 esse
1631 1492 1792 1547 opem
1824 1471 1933 1528 fer-

229 1566 290 1604 re
322 1550 569 1621 proximo
602 1549 891 1622 indigenti,
926 1549 1015 1605 sed
1053 1550 1270 1622 insuper
1305 1552 1624 1622 requiritur,
1657 1566 1716 1604 ut
1748 1547 1933 1605 decer.-

234 1641 352 1684 nat‚
375 1622 462 1679 hic
495 1629 556 1682 &
589 1641 733 1680 nunc
756 1628 803 1680 ei
839 1625 1251 1697 opitulandum:
1324 1626 1509 1697 Atque
1541 1623 1648 1678 hoc
1671 1621 1934 1693 judicium

228 1699 303 1755 est
339 1697 495 1771 supra
531 1713 771 1754 naturam
806 1715 822 1756 ε
859 1716 925 1754 ex
965 1699 1068 1754 hoc
1101 1700 1242 1754 enim
1276 1699 1488 1771 exurgit
1525 1699 1609 1769 pia
1648 1695 1934 1754 voluntatis

230 1777 430 1835 motio,
453 1777 514 1832 ὅ(
550 1771 866 1829 credulitatis
906 1770 1125 1829 affefius
1153 1809 1171 1834 ,
1202 1789 1451 1847 tanquam
1491 1774 1725 1841 Quintus
1757 1771 1948 1837 acius,

229 1866 345 1924 quo
376 1847 648 1910 voluntas,
671 1845 918 1903 illustrata
954 1848 1057 1921 jam
1080 1847 1108 1903 a
1129 1847 1250 1903 Deo
1274 1849 1743 1920 mente‚&gratiae
1785 1848 1934 1904 Divi-

230 1942 316 1994 nae
346 1922 621 1984 instinctu,
644 1921 738 1979 suo
760 1925 989 1997 imperio
1012 1940 1246 1979 mentem
1279 1921 1440 1979 fless'tit
1465 1922 1529 1979 ad
1551 1922 1931 1980 assentiendum

230 2000 435 2069 veritati
475 1997 718 2055 revelatae
749 2003 815 2067 ¹&c
853 1997 1168 2054 sufficienter
1204 1997 1486 2073 propofitae
1527 2015 1541 2054 ε
1617 1998 1761 2053 Nam
1792 2016 1856 2053 ex
1879 2000 1930 2059 S.

230 2072 496 2146 Augustino
516 2072 594 2129 lib.
613 2072 671 2128 de
686 2072 1007 2147 praedestinat.
1037 2075 1113 2129 Ss.
1130 2078 1243 2144 Cap.
1272 2094 1322 2131 f.
1396 2071 1664 2135 „Credere
1695 2072 1780 2127 vel
1820 2089 1931 2135 non

233 2149 452 2207 credere
475 2149 550 2205 est
574 2150 628 2204 in
657 2149 873 2206 arbitrio
909 2149 1190 2205 voluntatis
1223 2149 1513 2209 humanae„
1548 2164 1562 2203 :
1635 2147 1703 2202 Et
1740 2150 1933 2202 veritas

232 2223 501 2299 proposita
531 2259 549 2284 ‚
596 2241 1080 2298 quantumcunque
1118 2223 1377 2280 credibilis
1413 2238 1660 2294 appareat
1688 2257 1707 2282 ,
1754 2236 1932 2278 manet

232 2299 444 2370 semper
467 2295 686 2353 obscura
708 2302 770 2357 δι
793 2299 1087 2361 inevidens‚
1112 2317 1208 2355 nec
1228 2298 1456 2373 'proinde
1483 2294 1759 2350 necessario
1784 2313 1931 2351 men·

235 2390 345 2432 tem
374 2373 688 2428 determinat
726 2373 791 2429 ad
826 2374 1186 2436 credendum,
1217 2369 1677 2448 quemadmodum
1712 2370 1931 2427 conclu-

237 2449 341 2510 fio,
417 2465 495 2501 uae
530 2445 804 2503 evidenter
837 2448 1121 2504 deducitur
1153 2466 1220 2505 ex
1258 2448 1517 2522 principio
1554 2462 1651 2517 per
1690 2443 1740 2501 se
1779 2462 1929 2511 noto,

235 2540 335 2602 per
389 2521 447 2582 ui
480 2520 798 2602 evidentiam
826 2523 1153 2655 intellectu?
1188 2526 1330 2598 cogit
1366 2520 1430 2577 ad
1465 2518 1857 2654 affensumkffl·
