2144 2852
224 226 277 299 e*—
770 211 944 312 «aa
991 188 1404 311 >ozas

358 359 449 418 IX.
489 354 621 419 Inde
662 359 942 421 necesiario
977 359 1200 419 omnino
1237 357 1401 417 conse
1436 359 1619 421 uitur,
1662 358 1934 419 revelaria

223 433 350 494 Deo
376 437 622 494 'debuisse
645 459 683 500 ‚·
710 445 771 501 &
805 438 991 495 mediis
1037 439 1194 493 etiam
1233 438 1400 491 extrin
1423 437 1524 490 ecis
1561 433 1764 492 homini
1813 437 1937 492 inti-

227 515 361 569 mari
396 512 669 586 specialem
704 514 976 590 quendam
1010 511 1087 569 sui*
1123 510 1332 568 colendi
1368 509 1592 566 modum
1625 547 1643 572 ‚
1701 528 1814 584 quo
1852 512 1936 567 in-

228 588 384 644 firma
419 588 652 645 hominis
702 592 835 646 ratio
858 627 876 652 ‚
903 606 1031 664 quae
1061 586 1352 652 colendum
1391 584 1538 641 illum
1573 585 1702 646 esse,
1735 603 1800 640 ex
1839 587 1937 641 im-

227 663 411 738 preffis
449 662 540 719 sibi
575 665 778 720 Divinis
807 665 935 721 ideis
961 661 1224 738 agnoscit,
1257 661 1323 717 ab
1357 660 1685 716 exorbitante
1706 663 1760 715 in
1781 677 1936 736 quas-

228 755 449 812 cunque
484 738 733 794 absurdas
773 745 834 799 ὅτ.
875 738 1116 795 fanaticas
1149 736 1541 810 superstitiones
1581 735 1820 791 libertate
1867 733 1936 792 ad

229 831 405 870 unum
448 813 655 869 cultum
690 813 809 870 Deo
850 830 1063 887 gratum
1085 850 1104 876 ‚
1138 812 1362 885 ejusque
1396 809 1639 883 suprema
1674 809 1939 883 majestate

230 889 460 963 dignum
491 888 881 946 reduceretur:
956 889 1109 962 Qos
1141 889 1284 943 enim
1317 885 1419 941 Dei
1457 883 1939 957 omnipotentia-ad

227 965 309 1021 sui
343 963 549 1021 cultum
592 968 653 1024 &
690 963 1006 1038 obsequium
1042 961 1307 1023 condidit,
1341 977 1431 1017 eos
1478 959 1719 1032 ejusdem
1753 961 1939 1033 provi.-

231 1039 410 1096 dentia
449 1037 593 1094 haud
624 1032 858 1095 destituit
887 1040 942 1093 in
972 1035 1370 1110 suppeditandis
1401 1037 1462 1090 iis
1495 1035 1708 1096 mediis,
1738 1034 1938 1109 quibus

228 1114 296 1171 ad
348 1111 495 1169 hunc
546 1112 708 1168 finem
734 1149 752 1175 ‚
804 1117 865 1172 ὅτ,
902 1111 967 1168 ad
1006 1112 1149 1168 suam
1194 1109 1494 1167 felicitatem
1532 1109 1936 1184 perduceretur.
1977 1138 1981 1141 ,

231 1189 356 1247 Nec
387 1189 443 1243 in
493 1185 720 1244 dubium
759 1187 953 1244 adduci
992 1187 1107 1244 haec
1141 1186 1472 1243 revelationis
1506 1185 1771 1242 necessitas
1804 1201 1939 1260 pru-

229 1264 420 1322 denter
456 1263 657 1336 potest‚
692 1278 880 1334 utpote
913 1262 1055 1319 certa
1093 1266 1157 1323 δε
1188 1260 1463 1319 universali
1500 1260 1786 1317 hominum
1818 1277 1940 1332 per-

228 1337 502 1400 suasione,
551 1341 613 1398 &
655 1340 930 1394 communi
983 1340 1227 1394 omnium
1265 1335 1627 1412 populorum,
1662 1334 1937 1393 omnium-

222 1429 338 1490 que
369 1428 703 1486 temporum-
730 1412 984 1469 consensu
1020 1412 1265 1487 probata·
1303 1410 1429 1467 cum
1466 1428 1656 1467 omnes
1689 1410 1936 1469 homines

230 1495 292 1551 &
341 1487 531 1562 populi
582 1491 742 1544 etiam
803 1486 1030 1544 maxime
1078 1453 1267 1562 quoad
1308 1486 1633 1558 Religionem
1681 1489 1816 1543 inter
1881 1485 1936 1544 se

227 1562 578 1623 dissentientes
612 1565 665 1618 in
701 1581 766 1618 eo
808 1579 987 1619 tamen
1022 1562 1410 1624 consenserint,
1450 1560 1600 1633 quod
1648 1560 1793 1617 suam
1830 1560 1935 1618 sin-

229 1639 345 1715 guli
377 1636 703 1711 Religionem
739 1637 778 1694 a.
803 1637 921 1694 Deo
972 1637 1060 1694 vel
1094 1638 1206 1694 Diis
1241 1638 1342 1693 suis
1372 1636 1656 1692 revelatam
1701 1637 1934 1709 &prae-

225 1729 438 1788 ceptam
471 1712 828 1770 vendicarint:
868 1713 1013 1770 Nam
1034 1749 1053 1775 ,
1089 1711 1151 1769 iit
1190 1714 1351 1770 Cicero
1388 1713 1457 1766 ait
1492 1710 1610 1768 Lib.
1642 1729 1692 1768 t.
1718 1708 1778 1766 de
1794 1712 1934 1768 Nar.

226 1793 414 1917 Deorff
443 1785 660 1918 deaquo
689 1789 934 1846 omnium
967 1803 1152 1847 natura
1184 1786 1464 1848 consentit,
1497 1784 1555 1842 id
1589 1803 1782 1846 verum
1811 1785 1932 1850 effe,

229 1880 361 1921 nece
404 1880 433 1916 e
463 1878 493 1916 e
540 1901 555 1917 .
768 1878 770 1881 ·

383 2010 453 2067 X.
491 2009 571 2066 Ex
602 2009 706 2068 sola
744 2009 933 2067 scilicet
968 2010 1291 2069 revelatione
1333 2009 1432 2067 hac
1464 2009 1567 2066 Dei
1598 2008 1934 2068 voluntatem

226 2086 397 2144 homo
435 2084 663 2142 ediscere
698 2089 927 2160 poterit,
961 2091 1023 2146 &
1057 2090 1177 2160 quis
1208 2086 1383 2143 cultus
1421 2086 1542 2142 Deo
1573 2104 1753 2160 gratus
1782 2103 1932 2143 acce-

229 2159 467 2237 ptusque
501 2160 590 2223 sit,
614 2160 837 2217 edoctus
860 2161 1186 2234 intelligere3
1226 2178 1392 2236 quare
1425 2166 1486 2221 δε
1518 2161 1742 2217 eandem
1777 2178 1931 2217 reve-

135 2245 146 2249 *
224 2238 476 2294 lationem
512 2236 631 2292 Deo
658 2235 891 2292 afferenti
919 2236 1140 2292 credere
1171 2253 1279 2292 non
1313 2234 1517 2293 tantum
1550 2233 1836 2293 firmissime
1865 2239 1927 2296 δε

226 2311 426 2386 absque
463 2314 613 2368 omni
648 2308 1171 2368 errorisrformidine
1201 2327 1439 2373 tenetur,
1471 2309 1559 2367 sed
1604 2312 1817 2387 insuper
1851 2313 1929 2366 ei-

230 2387 358 2443 dem
392 2385 650 2444 voluntati
682 2387 892 2442 Divinae
929 2401 1134 2443 certum
1183 2386 1391 2443 cultum
1428 2385 1778 2460 praescribenti
1825 2387 1930 2442 im·-

227 2461 543 2535 perantique
577 2461 755 2519 εκαᾶὲ
786 2460 1148 2518 obediendum
1168 2501 1188 2524 ‚ff
1218 2460 1387 2535 eaque
1415 2462 1623 2519 colendi
1653 2466 1784 2520 ratio
1807 2459 1928 2516 sub-

229 2535 500 2599 stantialis,
535 2555 699 2612 quam
744 2536 863 2596 Deo
896 2553 1099 2612 gratam
1133 2537 1408 2598 intellectu
1439 2542 1656 2612 agnovit
1678 2578 1695 2606 ,
1734 2535 1928 2606 volun-2
1994 2582 1997 2585 .

1031 2652 1034 2653 ν
1747 2625 1854 2672 tate
1911 2663 1915 2665 .
