2144 2852
284 199 408 262 ‘158
879 191 1055 273 ¹8³&
1099 191 1203 270 )-0
1239 195 1268 272 (
1311 191 1488 275 *²3¹

292 319 428 381 vero
457 320 650 380 natura
697 320 788 388 ads
805 321 1035 383 salutem
1069 329 1132 388 &
1168 328 1352 385 vitam
1374 315 1681 385 'hominum
1717 340 1999 395 aeternams

287 396 773 474 eruditionemque
798 399 1084 459 salutarem
1114 401 1254 460 nihil
1293 400 1530 466 faciunt,
1575 403 1688 461 five
1722 407 1779 461 in
1817 419 2006 470 unaing
2033 419 2036 422 ’
2084 442 2086 445 ·

287 471 405 532 five
438 477 496 532 in
525 474 749 532 alteram
781 493 996 552 partem
1030 477 1327 537 versentur.
1437 478 1667 555 Indigne
1700 483 1864 537 nimis
1899 482 2002 540 Cae
2046 518 2049 520 -
2074 487 2083 492 ”

289 549 509 625 ὼοῌείε
545 553 875 625 imponitur,
901 552 1151 611 Pontifici
1187 570 1280 611 aut
1307 553 1580 618 Ecclesiae,
1604 554 1717 612 duo
1741 554 1844 612 effe
1878 558 1999 618 tria,

278 642 388 683 aut
420 626 600 683 nullos
634 625 750 697 dari
769 625 1106 704 Antipodas‚
1130 629 1414 687 definienti·
1445 647 1595 687 coeco
1636 629 1763 688 obse
1801 633 1897 688 uio
1927 630 2001 687 es-

290 701 345 758 se
380 700 808 760 assentiendum:
852 705 915 761 In
948 704 1035 761 his
1070 704 1276 762 artibus
1315 711 1377 766 &
1411 704 1669 768 scientiis,
1691 709 1780 769 cui
1805 706 1915 763 ibet
1937 705 1999 763 li·
2070 732 2075 736 ·

286 777 489 835 berum
522 779 599 836 est
643 777 839 837 sentire
871 799 932 838 ac
971 780 1198 843 docere,
1236 781 1392 856 quod
1426 786 1489 843 &
1522 780 1697 856 magis
1727 780 1906 844 lubet,
1941 784 2002 843 δε

289 871 492 912 verum
507 890 525 917 ,
573 869 667 911 aut
707 857 826 912 veri
862 856 1086 915 videtur
1120 855 1361 914 similius.
1496 857 1589 914 Ad
1619 855 1867 914 Ecclefiae
1909 874 2002 914 ve·

286 928 353 987 ro
387 930 655 996 ditionem
687 935 1134 1007 non‘pertinenm
1163 931 1262 988 nisi
1296 931 1477 1008 aliqua
1512 950 1580 988 ex
1613 948 1769 1006 parte
1801 930 2001 988 laedant

284 1005 418 1062 fidei
452 1005 760 1064 dofitrinam
782 1042 799 1071 ,
855 1024 949 1064 aut
994 1008 1179 1064 Sacras
1227 1008 1534 1083 Scripturas
1581 1004 1693 1064 falsi
1705 1041 1723 1069 ,
1762 1008 1964 1063 erroris
1981 1034 1999 1069 ·‚

287 1083 613 1156 ignorantiae
633 1117 650 1145 ,
672 1098 779 1139 -aut
810 1083 1078 1140 mendacii
1115 1081 1418 1158 suspicione
1450 1081 1759 1157 aspergant,
1790 1079 1887 1137 ubi
1923 1096 1998 1137 ta·

288 1175 421 1215 men
451 1157 677 1214 evidens
710 1158 929 1216 illarum
963 1177 1144 1221 mens,
1169 1163 1230 1219 &
1252 1158 1398 1215 nulla
1431 1159 1877 1232 interpretatione
1898 1154 1999 1213 alia

287 1232 535 1307 congrua
583 1233 917 1306 explicabilis
965 1232 1172 1308 (prout
1223 1237 1282 1291 in
1330 1234 1416 1289 his
1468 1233 1634 1289 rebus
1669 1231 1739 1288 ad
1775 1230 1999 1303 salutem

287 1306 530 1370 minime,
552 1305 915 1380 spefi‘tantibus
949 1307 1155 1363 necesse
1189 1307 1302 1380 est)
1334 1307 1573 1381 patescit.
1678 1307 1813 1364 Non
1851 1307 2002 1362 enim

290 1383 402 1440 hoc
432 1381 537 1438 suae
567 1381 818 1439 <Eccles1ae
846 1418 862 1444 ‚
908 1399 1023 1437 non
1065 1382 1328 1438 Conciliis
1347 1417 1363 1443 ‚
1417 1399 1530 1437 non
1561 1380 1812 1437 Patribus
1847 1380 1999 1436 dedit

291 1459 543 1516 Christus
562 1492 579 1519 ‚
616 1473 680 1512 ut
710 1457 989 1531 populum
1035 1456 1253 1513 fidelem
1299 1457 1695 1515 Astronomum
1730 1451 1997 1518 facerent,

290 1533 556 1607 Physicae,
583 1531 1003 1607 Chronologiae,
1037 1532 1294 1588 Historiae
1317 1528 1586 1606 profanae‚
1617 1526 1916 1604 rerumque
1937 1529 1999 1586 fi-

291 1609 521 1667 milium
562 1606 671 1663 fine
720 1606 838 1664 ullo
881 1625 1068 1663 errore
1115 1610 1357 1682 peritum
1394 1625 1409 1680 ;
1450 1606 1540 1663 sed
1577 1621 1642 1662 ut
1682 1607 1738 1661 in
1773 1607 2000 1680 negotio
2041 1612 2045 1613 ⁷

293 1685 476 1743 salutis
514 1685 718 1740 animas
750 1679 1112 1744 deducerent,
1146 1687 1207 1743 &
1241 1682 1490 1739 doffiina
1525 1680 1674 1737 mere
1697 1679 1894 1738 coelesti
1920 1683 1999 1738 in-

293 1763 560 1818 struerent
602 1779 616 1813 :
694 1760 756 1814 In
789 1757 1035 1815 Ecclefiae
1068 1757 1220 1814 velut
1252 1756 1516 1815 Crucifixi
1553 1755 1748 1813 Schola
1783 1756 1902 1813 satis
1923 1756 1999 1812 est

295 1836 494 1893 docere
518 1868 534 1895 ,
564 1831 681 1889 satis
727 1832 989 1894 ediscere,
1032 1851 1154 1908 quae
1190 1831 1319 1890 vere
1358 1831 1427 1888 de
1463 1831 1746 1906 Religione
1778 1832 1998 1889 creden.

294 1911 394 1974 da,
429 1927 556 1984 quae
585 1905 857 1968 facienda,
901 1923 965 1962 ut
998 1908 1209 1964 colatur
1241 1912 1302 1967 δε
1349 1922 1562 1963 ametur
1609 1908 1762 1965 Deus
1784 1944 1804 1973 ,
1838 1903 1997 1968 salfis-

296 2004 408 2063 que
442 2001 640 2042 aeterna
669 1981 853 2040 secure
892 1985 954 2042 &
989 1981 1109 2039 tuto
1152 1982 1477 2040 obtineatur.

421 2134 544 2192 XV.
583 2132 842 2189 Veritatis
870 2129 1130 2204 praeterea
1159 2128 1412 2191 coelestis,
1437 2129 1507 2186 ad
1530 2128 1727 2192 fidem,
1753 2127 1997 2186 salutem-

295 2229 408 2288 que
443 2210 681 2266 nostram
717 2207 1035 2282 pertinentis
1054 2242 1070 2267 ‚
1107 2222 1455 2280 nequaquam
1505 2205 1556 2261 se
1594 2205 1874 2262 dominam
1902 2222 1996 2263 aut

295 2286 557 2344 arbitram
589 2286 757 2358 gerit,
792 2297 855 2339 ut
886 2298 990 2356 pro
1026 2278 1122 2336 suo
1154 2278 1415 2337 arbitratu
1454 2281 1655 2338 Christi
1690 2279 1996 2338 doe'trinam

294 2361 585 2436 effingere,
621 2356 940 2418 reformare,
975 2370 1139 2430 atque
1172 2357 1444 2413 invertere
1482 2355 1682 2431 poffit3
1719 2354 1809 2411 sed
1843 2355 1993 2412 velu·
2019 2357 2023 2362 “

297 2440 341 2494 ti
375 2434 723 2509 depositaria,
755 2434 932 2490 custos
956 2435 1016 2492 &
1043 2430 1256 2506 judex,
1283 2449 1349 2487 ex
1381 2431 1572 2488 eadem
1602 2430 1852 2487 mandata
1897 2431 1992 2486 sibi

296 2512 590 2588 potestate,
607 2507 942 2584 semetipsam
965 2506 1224 2571 vinculis,
1252 2506 1454 2583 quibus
1484 2508 1699 2583 potuit,
1732 2505 1994 2637 gffinibus

1481 2602 1483 2605 ’
1701 2597 1731 2637 a
1841 2595 1920 2635 m-
