2144 2852
243 210 321 286 46
801 199 977 294 ᾗῇ
1021 215 1051 289 )
1089 231 1126 272 0
1154 203 1192 288 ¹(
1235 200 1410 292 ᾗῇ·

245 341 495 400 affimilet.
607 331 770 401 Unde
807 336 985 403 omnia
1020 344 1377 403 credibilitatis
1411 341 1553 418 signa
1589 341 1678 399 hle
1713 339 1946 399 breviter

245 416 453 474 tantum
499 419 826 495 strifflmque
862 421 1202 483 recensenda,
1240 420 1437 497 quibus
1475 419 1526 475 se
1555 415 1584 472 fi
1612 416 1746 474 falsis
1769 417 1950 473 distin-

243 497 398 568 guit,
445 494 511 551 ad
565 497 658 551 tria
693 496 776 553 illa
812 499 1058 554 attributa
1097 497 1303 553 Divina:
1334 495 1554 551 Naturae
1579 493 1950 555 reducuntur,

244 588 305 626 ut
327 571 601 645 Sapientiae
641 571 940 646 Prophetiae
978 591 1037 630 ac
1079 573 1362 634 Vaticinia‚
1394 571 1644 627 Potentiae
1680 568 1951 630 miracula,

246 645 468 702 Bonitati
504 645 741 719 ejusdem
782 647 1060 722 Religionis
1090 646 1348 711 efficacia,
1386 645 1724 722 propagatio,
1747 644 1950 719 puritas

248 725 311 782 &
349 721 673 779 conservatio
705 723 1074 799 respondeant.

400 871 468 927 V.
510 871 753 930 Primum
785 873 964 949 itaque
997 887 1337 931 momentum
1370 887 1436 928 ex
1469 868 1766 944 Prophetiis
1796 870 1954 928 meri-

247 945 305 1003 to
335 945 646 1011 deducitur,
719 967 790 1006 uo
824 950 1126 1007 testimonio
1163 949 1309 1005 Deus
1338 945 1446 1021 ipse
1478 946 1530 1002 se
1555 946 1724 1003 solum
1755 962 1952 1004 verum

245 1022 429 1078 Deum
458 1021 559 1079 effe
590 1040 690 1097 pro
733 1040 785 1081 at
818 1022 912 1096 Isa.
938 1045 1025 1088 41,
1058 1023 1211 1095 quod
1244 1023 1382 1080 solus
1414 1022 1805 1096 praenuntiarit,
1828 1040 1951 1098 quae

247 1099 306 1153 in
337 1098 550 1154 Christo
580 1097 777 1155 futurae
807 1115 982 1161 erant,
1008 1099 1290 1172 passiones,
1318 1103 1378 1159 &
1401 1098 1716 1172 posteriores
1742 1097 1956 1172 glorias,

249 1169 314 1230 ht
343 1173 581 1248 loquitur
616 1176 667 1231 S.
706 1173 888 1234 Retrus
919 1172 1065 1249 Epist.
1087 1195 1125 1231 J.
1157 1189 1259 1248 cap.
1289 1194 1326 1230 t.
1370 1178 1431 1234 &
1470 1166 1677 1229 ‘TertulL
1717 1175 1857 1247 Apol.
1882 1191 1954 1230 20.

249 1247 553 1311 „Idoneum
577 1250 936 1306 testimonium
967 1253 1198 1306 veritatis
1223 1251 1298 1305 est
1335 1252 1526 1305 veritas
1556 1248 1952 1311 divinationis.,‚

254 1320 399 1380 Cum
436 1324 526 1380 ista
556 1324 892 1381 divinationis
915 1327 1105 1382 veritas
1126 1325 1247 1381 Deo
1278 1323 1368 1381 soli
1408 1326 1627 1397 propria
1661 1323 1721 1380 fit
1743 1362 1757 1385 ,
1795 1322 1955 1379 nulli-

251 1415 363 1474 que
395 1397 543 1455 alteri
574 1402 862 1457 convenire
899 1399 1071 1474 poffit.
1167 1399 1455 1456 Daemones
1493 1397 1713 1473 quidem
1749 1397 1955 1472 praescia-

250 1491 313 1531 re
345 1473 556 1545 possunt
592 1479 653 1536 &
686 1475 975 1548 praedicere
1010 1472 1224 1537 futura,
1253 1493 1375 1549 quae
1415 1491 1480 1530 ex
1512 1472 1732 1529 naturali
1767 1490 1953 1531 rerum

250 1548 441 1607 ordine
475 1553 536 1610 δι
559 1549 897 1625 dispositione
918 1548 1197 1607 necessario
1219 1549 1621 1625 consequuntur
1645 1566 1660 1621 3
1706 1547 1818 1605 imo
1854 1566 1955 1607 nec

250 1624 366 1682 haec
396 1624 619 1682 omnino
651 1623 799 1682 certo
832 1631 892 1686 δι
917 1626 1118 1701 absque
1153 1627 1298 1682 omni
1332 1627 1525 1681 erroris
1545 1629 1604 1684 &
1629 1625 1956 1698 deceptionis

250 1700 520 1776 periculo,
549 1698 677 1758 cum
712 1700 892 1757 Deum
936 1701 1221 1776 aliquando
1250 1717 1432 1757 rerum
1459 1700 1775 1757 naturalium
1810 1699 1956 1756 ordi-

255 1793 384 1832 nem
409 1775 723 1845 immutaffe,
747 1775 1092 1851 perspefifflm
1119 1776 1215 1835 fit:
1251 1776 1411 1851 Siqua
1435 1773 1568 1831 vero
1596 1774 1806 1832 oracula
1826 1773 1957 1834 olim

251 1849 489 1907 Ethnieis
541 1848 806 1906 fuderunt
838 1868 903 1906 ex
938 1851 1092 1908 idolis
1131 1851 1233 1908 suis
1279 1851 1349 1908 de
1387 1851 1548 1907 rebus
1587 1849 1615 1906 a
1657 1850 1824 1907 libero
1860 1850 1956 1908 ho-

253 1927 463 1982 minum
497 1925 713 1980 arbitrio
742 1925 1096 1998 pendentibus
1129 1932 1190 1987 &
1219 1927 1589 1997 contingenter
1634 1922 1854 1986 futuris,
1893 1942 1954 1982 ea

255 1998 576 2074 conjefi’turae
612 1998 821 2064 tanturn
852 1997 1074 2056 fuerunt
1093 2038 1111 2063 ,
1137 2019 1202 2057 ex
1236 1999 1371 2057 mala
1395 2002 1484 2055 sua
1516 2000 1741 2057 nocendi
1765 1998 1955 2058 volun-

255 2090 361 2132 tate
394 2078 455 2135 &
487 2092 553 2131 ex
585 2074 717 2147 pers
743 2072 856 2131 effla
892 2074 984 2129 fibi
1031 2076 1324 2135 causarum,
1356 2073 1707 2130 secundarum
1739 2074 1956 2150 inclina-

256 2154 400 2207 tione
432 2168 493 2208 ac
528 2092 864 2225 dispolfiione
894 2148 1224 2223 desumptae,
1251 2166 1412 2223 atque
1447 2147 1574 2205 inde
1609 2148 1818 2223 semper
1839 2168 1954 2207 am-

253 2226 416 2301 bigua
445 2232 506 2287 &
529 2227 801 2301 aequivoca
834 2226 886 2280 in
916 2239 1202 2298 utramque
1236 2241 1438 2298 partem
1457 2241 1587 2287 ‚nec
1616 2226 1728 2298 ipso
1764 2224 1818 2281 id
1847 2223 1956 2282 difi-

255 2300 439 2358 fitente
472 2302 762 2363 Tullio‚&
794 2300 1111 2373 experientia
1144 2298 1520 2361 confirmante.
1549 2299 1765 2362 versari,
1792 2299 1952 2358 fleffl-

255 2393 365 2449 que
397 2393 654 2450 poterant.
726 2376 933 2431 Divinae
965 2373 1181 2432 econtra
1220 2373 1550 2431 scientiarum
1580 2375 1834 2433 altitudini
1868 2376 1949 2433 so-

256 2450 291 2505 li
326 2451 649 2508 reservatum
687 2451 953 2507 vaticinari
991 2468 1081 2512 ea,
1113 2467 1236 2525 quae
1282 2450 1368 2506 vel
1409 2450 1496 2506 sita
1527 2449 1648 2507 sunt
1680 2467 1826 2507 extra
1858 2468 1953 2509 na-

257 2526 481 2585 turalem
528 2532 591 2588 &
623 2524 966 2584 neceslarium
995 2525 1268 2584 causarum
1299 2525 1648 2584 secundarum
1679 2526 1955 2615 ordinem,

1820 2616 1884 2657 ut
