2144 2852
208 231 226 241 ··
244 219 374 282 3
778 201 985 284 0303
1027 205 1057 280 >
1096 217 1135 264 0
1167 191 1216 282 ·<·
1246 191 1422 283 0303

251 339 364 396 ·bus
400 355 414 396 ε
452 327 814 414 opponendus
845 336 943 395 illis
978 335 1271 403 non'aliter
1301 329 1635 394 authoritatis
1663 327 1824 408 vigor
1843 370 1865 396 ,
1887 325 1976 397 ·&

211 434 214 437 ’
259 418 340 472 vis
361 412 753 477 dofitrinaemifi
766 429 824 472 ut
843 413 1106 472 lucrifiant
1129 430 1228 490 per
1249 407 1974 472 mansuetudinem&indul·

258 494 495 566 gentiam
538 490 819 549 charitatis.
930 489 1110 565 Magis
1164 492 1347 567 itaque
1396 488 1425 546 a
1473 489 1643 565 poenis
1686 484 1976 562 praesertim

261 571 451 625 mortis
487 584 789 643 temperare
822 564 985 625 debet
1024 566 1378 625 mansuetudo
1419 571 1482 627 &
1514 563 1767 622 charitas:
1839 562 1977 620 Haec

255 643 379 701 sane
428 643 578 701 indui
628 643 880 719 tantisper
923 643 1203 719 personam
1249 642 1453 701 horum
1484 641 1781 713 errantium
1812 639 1979 713 exigit

261 737 328 778 ox
359 720 575 778 consilio
606 721 659 779 S.
694 719 981 795 Augustini
1017 722 1071 777 in
1098 719 1216 776 Lib.
1242 729 1414 776 contra
1441 716 1589 794 Epist.
1618 717 1778 772 Man.
1799 717 1977 789 capu.

260 813 380 855 tum
415 796 482 854 ad
511 795 815 870 disputandi
849 798 1142 861 rationem,
1166 811 1285 854 tum
1308 794 1374 853 ad
1400 794 1644 853 salutares
1677 793 1838 849 etiam
1865 806 1979 866 poe-

261 890 354 932 nas
387 872 687 949 applicabili
712 890 727 931 :
802 872 898 930 Ibi.
952 873 1080 937 „Illi
1104 875 1159 930 in
1190 889 1290 931 vos
1321 870 1557 933 saeviant,
1585 871 1683 946 qui
1713 867 1981 931 nesciunt,

259 967 427 1023 „curn
465 965 578 1025 quo
613 949 798 1006 labore
833 966 1031 1008 verum
1079 950 1417 1012 inveniatur,
1448 952 1512 1010 &
1557 944 1725 1023 quam
1761 940 1980 1001 difficile

260 1042 584 1092 „caveantur
619 1042 845 1084 errores,
919 1026 998 1083 Illi
1025 1028 1079 1083 in
1109 1041 1210 1084 vos
1244 1025 1458 1082 saeviant
1476 1065 1492 1082 .
1511 1064 1528 1082 .
1557 1063 1574 1079 .
1649 1019 1771 1096 Ego
1799 1018 1980 1078 saevire

260 1105 351 1167 ·‚‚in
380 1118 479 1159 vos
512 1100 736 1158 omnino
771 1118 885 1159 non
919 1100 1132 1178 'poffum
1152 1139 1172 1166 ,
1220 1105 1361 1178 quos
1396 1098 1528 1158 ficut
1558 1115 1648 1156 me
1678 1095 1856 1171 ipsum
1889 1093 1982 1152 illo

264 1194 547 1252 „tempore
570 1211 586 1239 ‚
630 1176 699 1234 ita
739 1194 886 1235 nunc
919 1178 1096 1236 debeo
1142 1178 1425 1240 sustinere,
1462 1181 1523 1238 &
1565 1172 1704 1232 tanta
1739 1169 1984 1248 patientia

263 1251 580 1318 „vobiscum
615 1269 811 1326 agere,
840 1254 1038 1328 quanta
1070 1270 1288 1312 mecum
1322 1267 1554 1328 egerunt
1589 1248 1823 1325 proximi
1845 1247 1983 1308 mei,

265 1327 430 1393 „cum
462 1329 519 1383 in
552 1328 730 1384 vestro
779 1327 1035 1402 dogmate
1072 1328 1340 1390 rabiosus,
1378 1333 1439 1388 δ(
1470 1342 1640 1384 caecus
1670 1338 1922 1380 errarem.
1941 1357 1982 1385 „

266 1405 380 1480 Qi
415 1401 485 1460 ita
514 1401 732 1459 illorum
761 1402 1041 1477 personam
1075 1403 1282 1466 induit,
1314 1398 1466 1459 facile
1494 1399 1782 1474 intelliget,
1855 1395 1982 1453 uam

268 1479 417 1542 sero,
439 1495 530 1535 aut
562 1494 844 1554 nunquam
886 1478 1126 1553 expediri
1176 1495 1328 1535 mens
1365 1477 1522 1553 poffit
1566 1475 1594 1532 a
1634 1472 1804 1549 praeju
1846 1474 1986 1529 icatis

268 1554 654 1631 opinionibus,
687 1570 822 1629 quas
854 1570 1019 1611 certas
1053 1554 1285 1630 Dedque
1321 1569 1494 1628 gratas
1529 1553 1818 1612 existimat,
1849 1564 1986 1624 prae-

269 1632 448 1690 sertim
481 1629 520 1686 fi
558 1629 588 1687 a
621 1631 815 1686 teneris
851 1630 1160 1706 unguiculis
1203 1629 1490 1707 inspiratae‚
1522 1629 1551 1684 a
1580 1624 1889 1701 parentibus
1926 1622 1989 1680 fi-

265 1709 472 1766 liorum
504 1705 857 1763 amantissimis
891 1722 1149 1781 acceptae,
1171 1711 1231 1768 δε
1266 1705 1471 1765 tenellis
1507 1701 1764 1761 cordibus
1804 1698 1987 1757 inscul-

272 1799 380 1859 ptae
416 1779 651 1844 fuerint,
685 1798 807 1855 quae
845 1783 898 1838 in
933 1798 1179 1840 naturam
1255 1777 1628 1840 uodammodo
1661 1775 1987 1840 transierint,

266 1855 582 1937 ‘quantaque
620 1854 865 1914 facilitate
913 1857 1172 1932 impr-effae
1237 1873 1463 1920 uerunt,
1494 1854 1634 1913 tanta
1674 1850 1987 1910 difficultate

274 1934 507 2008 exsculpi
551 1949 714 2011 atque
748 1931 938 2008 expelli
975 1933 1099 1991 inde
1132 1935 1342 2009 poffint.
1414 1933 1525 2008 Qi
1561 1927 1699 1988 bene
1731 1928 1988 2003 percipit,

319 2010 431 2070 uod
470 2008 602 2067 fides
641 2009 702 2066 sit
738 2008 944 2067 donum
982 2005 1084 2066 Dei
1097 2027 1113 2084 ;
1148 2010 1315 2085 quam
1354 2008 1619 2065 illufiones
1666 2002 1990 2076 fallaciaeque

278 2090 302 2146 Ι
333 2088 551 2145 aemonis
585 2085 685 2142 fint
717 2085 1096 2149 vehementes,
1123 2085 1290 2161 quam
1320 2083 1554 2141 humana
1586 2096 1740 2138 mens
1782 2077 1991 2136 infirma

279 2169 342 2226 ὃς
378 2166 432 2220 in
471 2178 714 2219 errorem
746 2160 998 2237 proclivis
1035 2199 1052 2224 ,
1103 2175 1224 2218 tum
1262 2174 1462 2236 quanta
1498 2153 1794 2214 intellectfis
1827 2152 1989 2212 semel

278 2257 468 2297 errore
505 2237 704 2294 detenti
727 2238 1028 2312 captivitas,
1045 2235 1211 2313 quam
1235 2236 1266 2293 a
1283 2234 1472 2294 natura
1494 2248 1785 2291 contumax
1807 2229 1869 2286 sit
1894 2230 1991 2288 ho-

280 2318 436 2374 minis
467 2313 670 2370 indoles
681 2330 697 2386 3
737 2312 910 2389 probe
939 2314 1100 2369 etiam
1134 2312 1318 2370 sentiet
1336 2350 1355 2375 ‚
1385 2327 1515 2369 cum
1550 2325 1742 2366 eorum
1770 2308 1993 2364 crimine

270 2397 343 2454 ὃ(
380 2391 662 2467 pertinacia
712 2388 936 2445 multam
975 2405 1199 2465 quoque
1237 2386 1594 2445 infelicitatem
1646 2381 1991 2457 conjunctam

281 2466 412 2531 esse,
452 2464 793 2522 involuntarii
831 2462 963 2520 vero
1003 2480 1113 2521 non
1152 2462 1373 2539 parum,
1411 2466 1474 2523 &
1509 2460 1736 2535 probam
1760 2457 1988 2531 aliquam

285 2541 506 2599 subinde
539 2540 873 2598 voluntatem
905 2556 965 2597 ac
998 2539 1235 2598 indolem
1262 2557 1275 2598 ε
1312 2556 1434 2615 quae
1471 2537 1646 2595 omnia
1681 2533 1990 2661 illuirxsgileo
