2144 2852
761 175 937 256 een
980 178 1077 254 >0
1104 181 1143 264 ,<
1185 178 1386 261 «ne
1835 185 1944 289 199

221 316 512 383 catholica,
530 314 762 378 Romana
795 310 1055 378 Ecclesia,
1089 311 1151 372 ut
1188 333 1319 374 mox
1353 319 1593 392 patebit3
1632 320 1791 391 etiam
1827 298 1946 380 ma·

223 416 339 473 gno
369 395 584 471 ingenio
630 388 775 448 haud
826 407 965 464 opus
1020 393 1169 455 erit,
1200 409 1261 449 ut
1297 394 1433 453 hanc
1482 413 1738 473 tanquam
1776 397 1941 460 solam

218 490 408 533 veram
439 487 517 530 ,ex
550 468 767 544 reliquis
796 462 1021 526 coetibus
1059 466 1445 544 dignoscamus-
1833 483 1835 485 ’

350 623 442 682 lV.
480 622 617 679 Haec
651 620 789 676 inter
814 617 1007 677 merito
1040 635 1382 686 numeratur,
1413 627 1475 686 &
1503 626 1775 702 praecipuo
1798 643 1939 702 quo,-

217 701 345 760 dam
395 701 512 773 jure
562 693 846 770 praefertur
883 694 1087 752 summa
1125 696 1210 753 illa
1257 700 1468 762 (suitur,
1505 717 1624 758 tum
1659 701 1935 766 doclrinae‚

221 795 342 836 tum
384 773 694 847 Regiminis‚
725 788 814 828 aut
845 771 1166 830 admirabilis
1198 773 1283 829 illa
1319 774 1725 834 Catholicorum
1760 779 1813 832 in
1838 776 1938 834 do-

217 853 394 912 cendo
429 847 651 925 perinde
672 884 691 911 ‚
730 864 790 904 ac
823 846 1095 906 credendo
1126 849 1413 908 concordia
1464 867 1481 910 ε
1557 852 1785 925 Spiritus
1816 851 1941 910 sane

217 928 450 989 Divinus
499 926 578 1000 uti
626 925 814 980 unicus
860 924 935 980 est
977 926 1029 979 in
1058 924 1294 988 Natura,
1326 924 1487 983 sicin
1537 926 1746 1001 agendo
1796 945 1936 985 nun·

213 1018 382 1081 quam
424 1017 533 1058 non
581 1000 754 1056 tendit
802 999 868 1056 ad
924 1001 1178 1056 unitatem
1228 999 1567 1058 voluntatum
1607 1019 1716 1060 non
1754 1001 1935 1060 minus

211 1078 434 1139 vinculo
467 1076 758 1138 charitatis,
796 1073 959 1150 quum
993 1077 1255 1132 mentium
1296 1077 1510 1134 vinculo
1547 1076 1669 1134 fidei
1705 1096 1765 1135 ac
1802 1078 1934 1135 Reli-

215 1157 439 1232 gionis:
491 1148 743 1225 quicum
795 1156 1050 1224 tanquam
1104 1152 1311 1225 spiritus
1362 1153 1585 1209 Unitatis
1644 1152 1930 1218 discordia,

213 1231 504 1290 contraria,
536 1232 597 1287 &
635 1225 1041 1283 contradiaoria
1073 1226 1310 1284 revelare
1344 1226 1497 1285 simul
1531 1244 1640 1284 non
1675 1232 1930 1304 potuerit3

210 1303 501 1366 indubitate
532 1305 762 1378 quisque
796 1298 1021 1359 falsitatis
1054 1301 1359 1360 sententiam
1395 1300 1537 1360 ferre
1572 1322 1702 1360 eum
1735 1306 1789 1362 in
1825 1315 1931 1361 c'ce·

211 1399 332 1443 tum
367 1380 589 1455 poterit,
611 1395 676 1434 ex
705 1394 818 1452 quo
845 1378 932 1434 ista
964 1379 1019 1433 in
1053 1376 1318 1451 dogmatis
1354 1377 1475 1436 fidei
1510 1380 1694 1436 Unitas
1722 1385 1782 1441 &
1802 1397 1929 1439 con-

213 1457 394 1516 cordia
428 1454 618 1512 exulat.
732 1453 839 1509 Ubi
875 1452 1006 1509 vero
1044 1452 1344 1516 invenitur,
1383 1454 1513 1510 sicut
1552 1470 1691 1511 tanta
1724 1456 1930 1512 intelle·

211 1533 404 1590 &tuum
442 1530 805 1585 humanorum
843 1531 1175 1603 coeteroquin
1213 1531 1387 1584 omnis
1422 1529 1618 1585 vinculi
1654 1532 1929 1600 impatien-

210 1611 351 1668 tium
390 1602 704 1677 conspiratio
742 1604 842 1658 suis
875 1620 1001 1659 cum
1037 1602 1299 1675 adjunffls
1334 1602 1659 1659 considerata
1685 1620 1790 1660 non
1830 1622 1928 1679 po.

211 1684 314 1744 test
337 1697 444 1737 non
478 1682 613 1734 inter
634 1677 837 1733 summa
870 1677 1114 1751 prodigia
1137 1679 1405 1732 numerari
1431 1695 1447 1750 3
1487 1676 1557 1733 ἰῑὲ
1586 1675 1925 1739 manifestum

212 1756 517 1831 suppeditat
550 1768 932 1826 argumentum
965 1767 1104 1806 verae
1138 1751 1419 1825 Religionis
1445 1757 1506 1812 &
1545 1751 1815 1817 Ecclesiae,
1838 1763 1926 1813 ut..

213 1851 346 1912 pote
377 1829 580 1888 edofi‘cae
613 1833 676 1889 &
709 1825 921 1882 direEhe
954 1826 1022 1882 ab
1054 1826 1249 1883 eodem
1281 1844 1394 1884 uno
1428 1828 1706 1902 Sapientiae
1731 1834 1791 1890 &
1817 1831 1926 1888 Sci.

211 1911 366 1969 entiae
398 1907 597 1981 Spiritu
622 1920 639 1976 3
677 1902 810 1959 dum
838 1901 975 1958 solus
1015 1900 1102 1959 hic
1132 1902 1354 1959 Naturae
1380 1906 1641 1977 perversae
1663 1904 1924 1977 Spiritum

209 1984 466 2047 cohibere
499 1982 635 2054 potis
671 1978 746 2035 est
777 2015 796 2040 2
830 1979 925 2052 qui
959 1975 1195 2051 semper,
1233 1980 1287 2034 in
1324 1977 1635 2035 doetoribus
1670 1981 1922 2045 maxime,

211 2059 436 2135 impellit
474 2056 538 2113 ad
571 2053 969 2116 diffenfionem,
991 2053 1366 2110 membrorum
1402 2054 1664 2127 imprimis
1692 2056 1829 2112 inter
1853 2056 1922 2121 se,

212 2153 336 2212 quae
368 2132 636 2189 aemulatio
668 2128 988 2186 commiserit
1024 2131 1075 2185 in
1109 2131 1446 2204 ingeniorum
1496 2127 1674 2185 litibus
1727 2128 1920 2189 cedere

210 2209 411 2271 nescia,
451 2223 567 2263 tum
617 2204 991 2261 membrorum
1039 2203 1161 2261 dein
1195 2204 1224 2260 ἓ
1259 2204 1484 2277 Capite,
1533 2202 1776 2260 Auaore
1823 2205 1921 2262 do-

213 2285 426 2343 etrinae,
453 2296 544 2336 aut
578 2279 835 2352 Magistro
861 2312 877 2340 ,
915 2280 989 2336 ob
1023 2280 1306 2339 elationem
1344 2276 1645 2337 Intellefilfis
1694 2278 1922 2340 definiti·

144 2371 147 2375 ’
211 2360 405 2422 onibus
436 2353 764 2433 acquiescere
796 2354 1094 2415 recusantis·

1022 2506 1075 2566 Ο
1114 2520 1149 2580 3
1408 2550 1410 2552 .
1623 2502 1854 2580 V-Qid
1892 2534 1905 2556 .·
