2144 2852
745 195 1405 285 ssfltfiNCQ’ffl‘
1718 192 1994 283 .253''

201 333 377 403 danda
409 333 684 394 reservare
701 372 717 400 ‚
747 335 1046 394 consultius
1085 336 1273 400 duxit,
1312 334 1466 413 quod
1499 330 1690 411 saepiils
1726 352 1907 394 exeme-

200 412 326 487 plo‚
351 412 586 470 Sessione
618 411 752 480 vero
786 414 959 470 XXV.
993 413 1050 468 de
1071 412 1248 485 Regul.
1276 423 1381 487 cap.
1404 428 1497 470 21.
1533 413 1697 468 etiam
1721 411 1904 468 verbis

201 489 463 545 testatur:
507 487 604 544 Ibi.
644 485 895 550 „Verum
933 485 1069 544 adeo
1105 487 1242 545 dura
1275 486 1621 562 difficilisque
1662 488 1738 544 est
1768 505 1904 561 prae·

201 562 471 627 „sentium
505 578 822 637 temporum
857 562 1136 624 conditio,
1182 580 1246 627 ut
1282 581 1381 620 nec
1405 563 1583 619 statim
1617 563 1908 623 omnibus,

204 655 676 771 „nglcsgpmmune
708 637 919 715 ubique
933 671 952 701 ‚
978 637 1131 714 quod
1154 654 1402 715 optaret,
1417 636 1725 696 remedium
1745 635 1918 712 poffit

200 731 269 777 „a
349 733 364 769 1
436 730 502 771 n.

346 861 486 920 VIII.
529 860 677 921 Cilm
705 861 840 922 ‘vero
870 863 1130 939 prudenti
1164 864 1293 922 huic
1315 860 1562 923 Ecclefiae
1584 860 1906 923 condescen-

201 932 396 995 dentiae
446 942 507 999 &
554 941 873 996 oeconomiae
911 958 988 997 eae
1027 938 1365 1014 potiffimum
1402 940 1605 1014 regulae
1643 937 1904 996 subservi-

201 1027 293 1067 ant
334 1032 348 1067 =
427 1012 595 1088 Qod
617 1014 816 1071 scilicet
835 1032 903 1071 ex
927 1015 1144 1072 duobus
1166 1015 1320 1071 malis
1342 1015 1749 1076 collidentibus,
1777 1031 1902 1088 quae

202 1079 358 1143 simul
394 1105 629 1164 utraque
666 1091 859 1146 evitari
893 1106 1168 1165 nequeant
1187 1125 1204 1152 ,
1239 1092 1422 1147 minus
1455 1089 1518 1147 fit
1555 1088 1903 1164 eligendum»

202 1160 260 1217 id
295 1163 396 1225 est,
433 1180 545 1220 non
595 1164 824 1239 quidem
877 1165 1296 1240 approbandum
1323 1200 1341 1227 ,
1391 1164 1484 1227 sed
1541 1163 1905 1237 tolerandumt

198 1236 335 1293 Item
363 1236 515 1313 quod
545 1255 613 1296 ex
644 1256 758 1296 uno
791 1239 936 1297 malo
962 1255 1076 1297 non
1109 1240 1209 1297 sint
1246 1237 1491 1297 facienda
1529 1239 1669 1301 duo,
1695 1239 1902 1295 malum

200 1311 372 1386 porro
403 1312 551 1370 bono
590 1313 715 1371 loco
749 1314 988 1388 positum
1022 1333 1133 1372 non
1169 1315 1363 1372 leviter
1401 1313 1744 1372 movendum
1772 1331 1789 1386 3
1829 1311 1914 1370 fa*

203 1384 306 1442 cile
339 1403 514 1463 patet,
535 1403 655 1445 tum
686 1387 1024 1463 potiffimum
1057 1389 1239 1448 eidem
1269 1389 1459 1447 locum
1483 1388 1585 1446 effe
1606 1388 1913 1446 conceden-

200 1460 363 1524 dum,
389 1463 610 1538 quando
641 1463 842 1520 abusus
863 1469 924 1525 &
949 1467 1084 1521 vitia
1113 1464 1367 1541 quaedam
1401 1464 1783 1525 multitudine,
1809 1478 1904 1519 aut

203 1535 533 1593 authoritate
562 1541 910 1613 peccantium
942 1538 1289 1595 sustinentur.
1333 1564 1341 1568 ·
1402 1539 1468 1595 Id
1494 1541 1644 1594 enim
1676 1537 1911 1594 Sanctus

201 1610 543 1684 Augustinus
589 1629 702 1668 non
753 1611 909 1668 velut
952 1630 1161 1669 novam
1205 1611 1566 1687 disciplinam,
1608 1610 1700 1669 sed
1750 1611 1906 1669 velut

202 1688 481 1761 antiquam
513 1685 863 1743 traditionem
890 1690 954 1746 &
992 1688 1189 1760 praxin
1220 1685 1250 1743 Ξ
1283 1687 1536 1744 Patribus
1563 1683 1907 1744 observatam

205 1761 395 1824 docet,
416 1760 569 1837 quod
590 1759 824 1818 Ecclesia
846 1760 1040 1818 toleret
1062 1776 1283 1835 peccata
1313 1761 1681 1819 multitudinis
1702 1779 1719 1834 3
1756 1760 1905 1818 seve·

204 1839 424 1893 ritatem
453 1834 589 1893 vero
626 1833 838 1892 tantum
870 1837 931 1892 in
961 1842 1177 1910 peccata
1210 1853 1515 1910 paucorum
1543 1853 1794 1894 exercere
1825 1835 1905 1892 so·-

204 1911 312 1969 leat
343 1931 358 1967 2
396 1909 617 1986 eoquod
654 1910 962 1967 verosimile
996 1910 1097 1985 ipfi
1129 1910 1308 1968 visum
1353 1909 1520 1999 fuerit
1551 1945 1568 1973 ‚
1620 1911 1907 1968 hominem

206 1985 529 2063 perversum
557 1990 619 2047 &
640 2000 994 2059 corruptum,
1017 1985 1116 2043 ubi
1151 1988 1207 2041 in
1246 1989 1451 2061 ingena
1493 1986 1771 2044 bonorum
1804 2003 1905 2042 nu-

209 2080 365 2119 mero
399 2061 544 2118 solus
579 2062 883 2122 invenitur,
917 2076 1010 2118 aut
1037 2060 1209 2136 pofita
1242 2060 1445 2117 malitia
1475 2066 1536 2122 &
1566 2055 1906 2120 contumacia

210 2136 457 2194 Ecclefiae
495 2134 600 2192 sese
637 2134 1050 2201 submissurum,
1084 2151 1177 2192 aut
1212 2136 1454 2211 reliquos
1488 2153 1681 2192 omnes
1715 2135 1905 2193 adver-

211 2212 297 2269 sus
333 2210 514 2284 ipsum
550 2208 943 2267 insurrecturos
980 2228 1001 2284 3
1073 2210 1185 2268 Ubi
1232 2226 1415 2267 autem
1449 2210 1570 2269 satis
1602 2210 1765 2267 habet
1803 2209 1902 2267 im*-

209 2287 424 2363 pietatis
443 2318 460 2347 ‚
503 2285 772 2347 audaciae,
810 2302 873 2341 ac
900 2288 1157 2359 potentiae
1180 2285 1249 2341 ad
1276 2285 1734 2343 commovendam
1763 2285 1905 2342 mul-

207 2360 538 2422 titudinem,
586 2376 681 2415 aut
711 2358 850 2416 hanc
885 2359 1056 2435 ipsam
1103 2359 1211 2434 jam
1250 2362 1542 2418 criminum
1577 2361 1905 2434 complicem

214 2449 464 2493 numerat
498 2452 514 2506 3
553 2433 702 2491 nulla
735 2435 934 2508 rigoris
971 2434 1229 2509 speranda
1257 2434 1496 2500 utilitas,
1528 2435 1684 2511 cujus
1716 2433 1903 2528 potius

213 2508 550 2588 praevidetur
598 2507 941 2585 aspernatio,
1029 2508 1157 2596 uam
1215 2506 1473 2570 formido.
1586 2510 1743 2579 Adeo
1793 2527 1908 2567 non

276 2611 282 2614 ·
1067 2603 1083 2640 1
1125 2599 1160 2659 3
1651 2602 1831 2644 emen·
