2144 2852
575 271 579 276 ,
754 186 1377 268 &affiioswssv
1857 200 1936 266 ss

222 318 347 378 fidei
382 331 686 385 removeat,
719 325 782 383 ὅτ,
813 321 886 378 ἰ11ἰ
925 323 1066 379 viam
1101 322 1152 376 in
1180 323 1356 379 animo
1386 319 1581 378 sternat
1613 336 1673 378 ac
1706 323 1934 397 muniat3

223 401 285 457 &
315 396 420 471 ipsa
466 412 689 471 quoque
725 397 1115 472 obtemperatio
1155 394 1479 460 intellefflis,
1518 397 1599 453 his
1635 399 1931 457 rationibus

220 471 533 546 propolitis‚
567 474 794 545 praestita
843 472 1117 550 quoddam
1157 472 1217 530 sit
1253 473 1560 532 rationabile
1592 473 1933 547 obsequium.

219 547 281 603 Id
297 547 446 622 quod
463 548 516 605 S.
529 549 861 620 Augustinus
884 566 1220 624 nequaquam
1233 552 1306 606 im
1314 550 1572 624 pugnavit
1582 549 1690 605 Lib.
1710 549 1771 605 de
1782 552 1931 609 utilit.

218 622 348 679 cred.
387 636 559 680 contra
600 624 924 681 Mant'chaeos.
1020 625 1138 681 Nec
1172 627 1316 682 enim
1356 626 1411 682 hi
1444 627 1701 681 rationem
1729 620 1931 700 *praeire

222 697 347 754 fidei
385 698 725 756 solummodo
759 698 1182 762 contendebant,
1206 699 1292 756 sed
1332 704 1395 761 &
1419 698 1626 756 causam
1656 701 1784 763 effe,
1805 718 1932 774 pro-

220 790 343 848 pter
374 791 537 848 quam
572 773 703 831 fides
735 775 1134 839 admitteretur,
1171 779 1232 835 &
1269 774 1376 831 fine
1405 776 1514 851 qua
1542 775 1787 833 voluntas
1822 794 1932 835 non

222 848 347 906 esset
376 865 550 923 parata
588 849 658 906 ad
689 851 1065 925 imperandum
1104 849 1396 909 aflensum:
1438 868 1548 907 non
1597 854 1803 908 tantum
1854 870 1932 909 ra-

222 924 456 981 tionibus
493 925 789 983 extrinsecis
822 926 1145 1001 prudentem
1183 925 1551 984 credulitatem
1585 924 1819 989 suaderi,
1841 926 1933 986 sed

221 998 344 1055 fidei
378 1000 628 1072 dogmata
651 1003 938 1058 rationibus
970 999 1256 1058 intrinsecis
1292 1000 1639 1058 demonstrari
1665 1001 1934 1060 volebant.

222 1073 396 1131 Passus
424 1075 555 1131 illud
591 1073 743 1134 facile
776 1074 948 1134 fuisset
983 1077 1341 1149 Augustinus,
1373 1076 1486 1133 imo
1522 1075 1694 1151 passus
1725 1079 1833 1141 est,
1870 1075 1933 1135 ht

223 1148 361 1207 infra
388 1150 706 1212 docebitur:
745 1153 853 1212 hoc
877 1152 1010 1211 veto
1039 1150 1403 1229 castigandum
1444 1151 1615 1211 duxit.

371 1301 440 1360 X.
477 1301 636 1361 Fides
673 1304 854 1379 itaque
887 1303 1110 1363 obscura
1147 1302 1403 1380 quidem,
1429 1317 1484 1360 at
1522 1320 1664 1361 coeca
1703 1305 1934 1378 penitus,

224 1383 286 1440 ὃς
308 1379 456 1434 omni
479 1381 679 1436 ratione
701 1380 897 1454 praevia
928 1381 1175 1438 destituta
1197 1397 1307 1438 non
1339 1380 1432 1437 est.
1508 1379 1635 1436 Etsi
1669 1383 1748 1437 vis
1777 1400 1934 1456 argu·
2052 1398 2058 1402 ·

221 1470 530 1512 mentorum
567 1454 914 1529 exspeaanda
945 1474 1056 1513 non
1107 1457 1210 1519 est,
1257 1470 1319 1514 ut
1351 1453 1668 1519 credamus,
1701 1473 1932 1514 attamen

225 1546 294 1585 ne
349 1530 551 1586 temere
609 1547 700 1587 aut
757 1531 946 1588 leviter
992 1531 1288 1588 credamus.
1441 1531 1466 1602 (
1484 1536 1554 1598 a)
1605 1530 1933 1588 Prudentem

225 1605 372 1660 enim
404 1604 566 1661 fidem
601 1623 663 1662 ac
697 1609 889 1662 mentis
916 1605 1170 1662 assensum
1197 1606 1396 1678 Religio
1430 1604 1687 1677 postulat,
1719 1607 1812 1680 qui
1839 1605 1935 1663 sci-

223 1679 345 1736 lieet
377 1679 526 1735 aetus
555 1682 765 1736 virtutis
809 1679 1106 1737 intellee'tfis
1138 1680 1229 1737 sit:
1264 1679 1511 1753 inerb
1533 1678 1689 1737 credit
1723 1679 1934 1743 ciceide-

210 1757 315 1811 ¹vis
344 1754 487 1810 corde
511 1752 590 1823 est.
664 1756 740 1812 Ut
773 1757 842 1811 ait
875 1754 1066 1811 Ecclesl
1107 1770 1190 1829 19.
1210 1772 1264 1812 v.
1284 1771 1339 1829 4.
1373 1756 1458 1812 cui
1493 1758 1552 1815 &
1590 1754 1838 1814 consonat
1870 1756 1932 1813 il-

225 1829 323 1886 lud
360 1828 579 1885 Hesiodi
603 1846 620 1888 z
660 1829 934 1887 Credulitas
959 1831 1154 1905 pariter
1184 1829 1588 1896 &incredulitas
1612 1830 1932 1902 perdiderunt

223 1906 449 1963 homines.
523 1904 599 1961 AE
641 1904 708 1962 ue
743 1912 883 1961 enim
935 1907 1124 1963 rationi
1160 1922 1426 1980 repugnat
1465 1904 1686 1963 credere
1725 1910 1928 1971 omnia,

225 1999 287 2038 ac
319 1980 564 2037 dubitare
636 1999 665 2036 e
701 1982 967 2038 omnibus.
1042 1980 1111 2039 Et
1145 1984 1237 2057 qui
1271 1980 1434 2038 fidem
1468 1980 1696 2040 admittit
1724 1981 1829 2038 sine
1851 2001 1930 2039 ra-

123 2057 129 2062 ”
228 2058 401 2117 tione,
434 2053 584 2112 facile
614 2059 770 2113 etiam
806 2055 970 2113 fidem
1012 2055 1118 2112 fine
1147 2060 1348 2113 ratione
1379 2054 1635 2114 detrahet.
1729 2058 1930 2132 Neque

225 2129 375 2187 bardi
407 2131 560 2204 plane
598 2131 898 2207 stupidique
927 2131 997 2189 ita
1028 2129 1179 2188 fuisse
1206 2131 1530 2188 existimandi
1564 2130 1685 2187 sunt
1717 2147 1795 2187 tot
1830 2133 1930 2188 ho-

228 2210 400 2264 mines
439 2207 819 2279 sapientiffimi‚
850 2225 909 2264 ac
945 2209 1131 2282 populi
1169 2225 1386 2264 morum
1410 2204 1617 2262 culturfi
1641 2211 1702 2266 &
1733 2208 1928 2279 ingenii

227 2278 369 2337 fama
402 2280 636 2354 alioquin
669 2280 929 2343 celebres,
955 2286 1050 2357 qui
1090 2282 1191 2338 sese
1240 2282 1433 2339 Christi
1468 2280 1755 2354 Evangelio
1804 2280 1928 2338 sub-

229 2354 484 2413 miserunt
507 2390 527 2417 ‚
579 2371 641 2411 ut
670 2355 816 2412 aliter
847 2375 938 2413 eos
987 2358 1291 2416 Christianae
1326 2356 1578 2429 Religioni
1626 2354 1928 2414 consensifle

227 2446 511 2506 putemus,
540 2428 703 2504 quam
738 2428 1012 2489 fortiffime
1043 2433 1134 2490 fibi
1173 2430 1474 2506 persuasum
1508 2429 1817 2493 habuerint,
1844 2433 1927 2504 ju-

231 2523 293 2563 re
320 2508 512 2565 merito
542 2504 648 2576 esset
677 2506 1025 2568 credendum.
1078 2510 1250 2639 15an
1277 2506 1538 2564 debebant
1561 2504 1633 2562 illi
1669 2505 1815 2582 posse
1837 2506 1928 2565 da.

323 2613 361 2629 -ι
381 2621 400 2629 «
1161 2599 1198 2642 2
1790 2600 1852 2640 re
