2144 2852
763 193 939 276 ‘Rufi’
983 198 1090 272 >0
1126 196 1159 270 Ε
1199 195 1373 279 *a*
1820 218 1928 273 12:15

223 337 510 402 perperam
544 324 872 391 sentiam&
902 327 1195 404 loquantur
1222 346 1237 399 3
1277 328 1676 386 unitatem-fidei
1698 348 1808 388 non
1831 330 1936 392 dis..

223 403 430 492 soivent
452 443 466 466 ,
515 402 651 462 dum
682 421 875 462 coetera
909 422 1039 462 cum
1085 402 1310 462 Ecclefia
1344 403 1579 467 sentiunt
1608 408 1818 472 omnia,
1853 407 1928 470 saff-

223 496 507 555 piumque.

355 629 449 687 XI.
510 630 735 689 Accedit
785 635 851 692 διῚ
904 629 1213 689 Catholicitas
1249 629 1487 703 ejusdem
1525 631 1799 690 Societatis
1835 630 1931 690 sub

225 721 342 763 uno
369 707 643 782 Supremo
663 707 849 781 Capite
875 705 1062 764 vifibssi
1099 705 1441 770 coadunant,
1459 725 1612 782 quae,
1632 705 1713 763 uti
1748 708 1933 765 Unita-

223 796 337 838 nem
367 781 510 839 illam
543 783 821 858 supponit,
846 785 958 840 imo
991 781 1215 839 includit
1234 820 1253 847 ‚
1274 782 1342 839 ita
1377 787 1439 843 δι
1468 799 1579 857 prae
1603 781 1818 856 reliquis
1841 782 1935 840 ad·-

223 859 506 915 miratione
535 858 756 931 dIgnam
792 858 959 933 magis
991 856 1370 931 commendat3
1403 856 1557 932 quod
1597 856 1788 915 scilicet
1822 857 1938 932 ejus

222 931 500 996 doctrina,
532 950 699 1008 quam
738 933 880 992 tanta
912 931 1248 991 consensione
1281 933 1500 991 tradunt
1536 933 1804 1007 Magistri,
1827 949 1938 991 tan-

223 1007 278 1064 ta
306 1008 592 1066 constantia
634 1027 819 1068 tenent
847 1008 1139 1084 Discipuli,
1160 1008 1432 1067 Catholica
1470 1008 1560 1072 fit,
1590 1007 1698 1069 five
1725 1009 1940 1066 univer-

224 1083 362 1147 salis,
385 1085 442 1141 id
473 1085 578 1147 est,
601 1086 835 1161 ubique,
859 1090 920 1148 δε
941 1085 1010 1143 ab
1034 1084 1310 1147 omnibus,
1338 1083 1448 1142 five
1485 1084 1553 1143 ab
1581 1087 1730 1141 omni
1765 1084 1945 1141 homi-

228 1176 364 1216 num
404 1165 467 1222 &
513 1161 815 1219 Nationum
851 1178 1048 1237 genere
1069 1198 1090 1225 ‚
1124 1165 1187 1222 &
1220 1158 1455 1236 semper,
1475 1159 1584 1216 five
1622 1162 1773 1216 omni
1805 1176 1941 1218 tem·

226 1251 366 1310 porc
399 1236 614 1295 credita.
701 1239 838 1314 Qae
869 1236 1085 1310 insignis
1123 1238 1474 1311 praerogativa
1506 1233 1637 1293 nulli
1669 1233 1788 1292 sane
1817 1235 1943 1293 alte-

226 1312 274 1366 ri
311 1310 568 1386 Religioni
604 1314 743 1370 inter
787 1313 1111 1370 christianas
1148 1313 1440 1369 convenire
1475 1311 1679 1387 potest,
1717 1327 1810 1369 aut
1846 1329 1944 1369 un-

225 1402 394 1517 Suam
432 1390 722 1445 convenire
773 1387 1070 1447 ostenditur
1089 1425 1110 1451 ‚
1147 1385 1508 1462 praeterquam
1543 1385 1636 1443 soli
1687 1386 1944 1445 haitenus

267 1462 383 1518 ictae
417 1462 703 1521 Catholicae
730 1504 747 1527 ,
792 1482 917 1540 quae
950 1464 1391 1521 communionem
1426 1478 1556 1519 curn
1595 1478 1710 1518 uno
1748 1463 1947 1535 Supre-

227 1552 324 1593 mo
356 1537 574 1610 Capite,
597 1540 834 1597 Romano
865 1538 1143 1601 Pontifice,
1166 1536 1468 1611 profitetur.
1542 1534 1602 1591 ld
1626 1535 1712 1593 vel
1741 1553 1808 1592 ex
1837 1536 1944 1610 ipsa

230 1613 462 1668 nominis
496 1613 757 1671 Catholici
789 1613 1132 1687 Etymologia
1162 1607 1363 1668 inferre
1396 1627 1637 1685 pronum
1658 1610 1767 1673 est,
1789 1610 1945 1686 quod

231 1703 406 1744 unum
453 1687 669 1760 Corpus
716 1688 818 1744 iate
865 1685 1125 1743 diffusum
1176 1686 1414 1743 denotat.
1521 1683 1762 1760 Reliquae-
1797 1689 1945 1743 enim

231 1779 422 1819 ornnes
459 1762 666 1825 seam
713 1761 846 1821 ficut
878 1760 1158 1820 collcffive
1191 1759 1418 1835 sumptae
1456 1777 1631 1817 unum
1666 1761 1946 1832 quoddam

231 1854 344 1895 non
371 1839 728 1902 constituunt,
760 1856 879 1896 toto
901 1835 1161 1895 nimirhm
1192 1836 1328 1894 coelo
1351 1836 1382 1893 a
1420 1834 1472 1892 se
1500 1837 1731 1892 invicem
1768 1836 1949 1893 diver-

235 1912 342 1986 sae3
380 1912 450 1970 ita
476 1913 724 1988 singulae,
754 1913 968 1972 seorfim
1003 1911 1277 1987 spe&atae‚
1311 1929 1424 1970 non
1459 1910 1578 1968 sunt
1615 1908 1817 1974 diffusae
1850 1929 1948 1987 per
2052 1906 2057 1910 ’

237 1989 547 2048 universum
582 1991 804 2049 orbem.'
862 1990 984 2048 Sola
1027 2006 1214 2047 autem
1246 1988 1518 2046 Catholica
1553 1985 1735 2062 plures
1767 1987 1865 2046 sub
1896 1986 1949 2045 se

239 2067 475 2123 continet
513 2065 763 2124 Ecclesias
790 2065 1160 2139 particulares,
1185 2081 1284 2139 per
1319 2080 1495 2121 totum
1529 2063 1752 2136 quidem
1787 2079 1951 2120 terra·

238 2156 366 2196 rum
396 2142 608 2199 Orbem
658 2142 761 2199 suis
798 2139 896 2199 sub
943 2141 1243 2199 Pastor-ibus
1286 2138 1576 2212 dispersas3
1607 2135 1738 2194 cilm
1770 2154 1951 2197 tamen

241 2231 434 2271 omnes
466 2216 713 2274 eusdem
743 2221 808 2278 δε
839 2218 999 2275 unius
1055 2216 1178 2274 fidei
1212 2213 1570 2291 profeffione‚
1599 2212 1787 2270 eadem
1829 2214 1952 2271 sub-

240 2288 458 2345 stantiali
495 2235 673 2347 beum
720 2291 931 2348 colendi
968 2296 1207 2356 ratione,
1254 2289 1552 2350 eorundem
1584 2289 1954 2347 Sacramentu-

242 2381 370 2421 rum
408 2367 809 2438 participatione
850 2367 1161 2426 coadunatae
1204 2365 1303 2424 (int
1326 2404 1341 2430 ,
1383 2361 1681 2439 earfimque
1719 2365 1954 2426 Pastores

245 2455 437 2503 munes
469 2442 564 2500 uni
601 2441 868 2518 Supremo
923 2443 1112 2582 Capitli2
1135 2441 1456 2502 subordinati
1492 2457 1511 2514 3
1562 2439 1756 2575 rnerigo
1790 2457 1951 2501 unam

297 2558 298 2561 =
519 2534 523 2538 ”
635 2534 639 2537 ’
1146 2535 1186 2580 2
1334 2579 1336 2582 ,
1734 2533 1883 2575 leun·
