2144 2852
220 208 347 283 164
777 201 952 282 οὲωῐὲφ
985 202 1025 278 .)
1064 202 1170 280 0(
1216 198 1444 281 020ssss

231 333 612 400 structionem,
643 334 957 413 conspirasse
994 333 1244 394 adversus
1281 332 1581 392 doRrinam
1615 330 1852 399 Christi,
1887 337 1952 398 δι

231 415 545 476 neminem,
583 412 736 487 quod
776 413 851 471 sui
894 414 1130 469 muneris
1163 419 1309 474 erat,
1341 408 1527 469 ausum
1561 410 1795 468 resistere
1832 422 1971 467 cor-1

231 490 548 563 ruptoribus
581 506 596 562 3
633 488 847 547 nullum
882 490 1018 545 inter
1057 486 1195 563 ipsos
1246 483 1616 546 tantae'fraudi
1643 526 1659 549 ,
1697 489 1958 562 tantoque

230 563 423 622 sceleri
445 564 646 622 larvam
682 564 908 623 demum
945 564 1216 622 detraxisse
1238 601 1258 628 ‚
1306 568 1369 624 &
1407 561 1579 638 palam
1622 559 1958 626 confessum,

230 640 285 697 se
324 643 510 705 minis,
560 639 839 700 fraudibus
865 679 884 706 ,
932 658 1023 699 aut
1057 640 1253 716 iniquis
1285 639 1516 697 aliorum
1538 637 1959 705 ‚machinationi-

225 717 368 779 bus,
410 717 742 793 occultisque
780 719 981 775 artibus
1022 716 1364 790 compulsum
1406 715 1473 773 ad
1505 717 1785 772 veritatem
1821 713 1957 770 Reli·

232 795 409 868 gionis
446 793 632 867 insigni
674 796 980 868 proditione
1018 792 1438 851 labefactandam
1473 791 1497 848 3
1570 791 1655 848 De
1694 805 1774 847 tot
1811 789 1957 863 justis

232 870 420 945 probis
442 874 504 930 &
528 870 700 928 doctis
724 872 1068 931 hominibus,
1091 887 1157 926 ex
1187 866 1429 926 universa
1451 866 1676 925 Ecclesia
1701 868 1757 922 in
1785 882 1960 923 unum

233 945 502 1010 colleffis,
541 945 598 1003 id
639 964 707 1004 ne
752 949 972 1022 cogitari
1009 946 1235 1022 quidem
1270 945 1458 1020 potest.
1549 942 1618 1000 Et
1658 941 1694 998 si
1734 942 1957 1015 cogitari

232 1021 396 1080 vellet
434 1040 451 1096 3
495 1022 688 1100 reliqui
724 1024 868 1081 certe
902 1023 1138 1080 Pastores
1171 1039 1270 1097 per
1308 1021 1500 1077 orbem
1533 1015 1736 1080 diffusi,
1767 1032 1959 1092 utpote

232 1095 342 1155 suae
379 1099 606 1156 libertati
642 1100 807 1158 reliE'ti
831 1141 846 1164 ,
882 1099 1150 1173 dirigente
1186 1116 1246 1156 ac
1281 1095 1599 1172 providente
1634 1094 1862 1151 suaviter
1896 1098 1959 1154 δι

231 1170 449 1232 fortiter
482 1174 720 1232 Ecclefiae
762 1177 953 1250 Capite
994 1174 1208 1232 Christo
1247 1191 1358 1230 non
1391 1172 1678 1229 reclamare
1716 1186 1825 1226 non
1859 1186 1961 1241 po-

235 1264 423 1307 terunt
452 1250 707 1306 adversus
741 1268 1011 1312 errorem,
1041 1253 1136 1324 qui
1171 1250 1390 1323 publico
1425 1248 1605 1321 aliquo
1635 1245 1833 1319 judicio
1863 1244 1962 1300 Ec-

235 1321 517 1382 clesiastico
553 1324 662 1380 sive
694 1343 763 1381 ex
800 1341 952 1400 parte
998 1325 1210 1381 Summi
1253 1322 1518 1380 Pontificis
1556 1321 1663 1376 five
1705 1337 1771 1375 ex
1807 1336 1959 1392 parte

235 1400 629 1457 nonnullorum
655 1400 1047 1476 Episcoporum
1084 1397 1332 1455 fidelibus
1366 1398 1432 1454 ad
1467 1395 1799 1452 credendum
1831 1412 1961 1468 pro-

237 1478 367 1548 poni
413 1491 802 1540 attentaretur,
851 1494 920 1532 ne
960 1475 1150 1533 scilicet
1186 1490 1373 1535 error,
1406 1474 1494 1529 cui
1531 1489 1641 1527 non
1681 1469 1960 1532 refistitur.

238 1552 573 1623 approbetur
596 1568 613 1623 3
653 1556 717 1612 δε.
745 1554 962 1613 veritas,
983 1548 1113 1607 cum
1151 1567 1261 1606 non
1291 1545 1599 1605 defenditur
1617 1547 1684 1602 ab
1708 1548 1791 1607 iis,
1812 1548 1962 1619 queis

238 1627 483 1702 ejusdem
518 1626 682 1686 tutela
715 1633 779 1691 ὅ(
812 1625 1050 1686 custodia
1081 1625 1354 1684 commista
1384 1625 1495 1689 est,
1523 1626 1886 1701 opprimatur.

406 1777 580 1836 xxn.
619 1776 997 1837 Attendendus
1024 1778 1192 1852 igitur
1214 1772 1546 1851 potiffimhm
1574 1774 1652 1833 est
1674 1771 1957 1832 consensus

242 1854 506 1929 Corporis
535 1856 808 1913 Pastorum
840 1873 968 1912 cum
1001 1856 1272 1928 Supremo
1298 1853 1489 1926 Capite
1520 1850 1959 1925 conspirantium.

243 1948 368 1988 utut
403 1949 501 2006 per
529 1933 720 1989 orbem
754 1929 1136 2003 dispersorum.
1251 1929 1398 1984 Nam
1434 1924 1562 1984 cum
1602 1927 1840 1984 Concilia
1879 1942 1958 1982 ra·

245 2004 358 2063 rius
386 2010 507 2082 cogi
545 2006 774 2081 possint,
808 2010 872 2065 δε
909 2006 989 2061 his
1023 2019 1213 2061 omnes
1247 2007 1312 2064 &
1348 2001 1539 2076 singuli
1576 2000 1822 2076 Episcopi
1867 2017 1958 2057 re-

246 2082 360 2155 ipsa
395 2083 674 2158 praesentes
703 2097 814 2139 non
847 2079 1112 2142 intersint,
1143 2078 1231 2134 sed
1267 2077 1428 2151 aliqui
1462 2078 1718 2134 duntaxat
1754 2091 1821 2132 ex
1851 2074 1957 2131 sin-

246 2157 387 2233 gulis
419 2176 511 2216 aut
546 2159 737 2231 Regnis
760 2173 854 2214 aut
880 2155 1169 2212 Provinciis
1197 2169 1291 2209 aut
1325 2151 1645 2209 Nationibus
1670 2167 1690 2223 3
1724 2149 1864 2207 ordo
1891 2155 1954 2213 &

246 2235 462 2307 aequitas
511 2235 781 2308 postulat,
828 2249 890 2288 ut
923 2230 954 2287 a
992 2230 1200 2287 coeteris
1246 2226 1573 2291 absentibus,
1605 2228 1703 2301 qui
1730 2225 1958 2301 ,Judices

249 2315 446 2384 pariter
485 2312 604 2366 sunt
647 2312 701 2365 in
745 2306 908 2366 causis
947 2305 1103 2367 fidei,
1134 2303 1433 2379 probentur
1467 2309 1534 2364 δι
1572 2317 1956 2376 acceptentur,

247 2402 372 2459 quae
420 2385 449 2441 ὃ
475 2385 724 2441 Conciliis
763 2383 881 2439 sunt
915 2382 1114 2438 statuta.
1223 2379 1458 2436 Probant
1493 2394 1674 2436 autem
1707 2384 1770 2438 δε
1802 2394 1953 2434 acce·

252 2478 430 2532 ptam,
460 2460 639 2515 saltem
676 2457 856 2521 tacite,
884 2457 1022 2514 dum
1055 2455 1271 2511 scientes
1303 2455 1594 2511 Decretum
1626 2451 1844 2527 aliquod
1868 2450 1955 2509 vel

249 2535 284 2590 a
303 2537 531 2593 Summo
562 2533 848 2599 Pontifice‚
875 2532 963 2592 vel
990 2533 1051 2589 in
1086 2529 1329 2623 Concilio
1354 2529 1594 2595 editum,
1611 2532 1674 2591 &
1703 2526 1957 2659 (έῐέἒέῗυς
