2144 2852
756 185 1370 270 ξ’ῆῇτὶοεῖᾧᾶἔὺ
1725 206 1923 272 .137

209 323 442 384 diffione
479 323 741 395 acceptata
772 335 919 379 tanto
950 336 1194 397 tempore
1229 325 1291 384 &
1323 337 1588 382 annorum
1611 323 1786 399 'spatio
1819 321 1912 384 fu-

208 406 360 459 erint.
433 398 796 456 Neceflarium
829 396 945 455 {hue
968 398 1074 459 est,
1104 413 1165 454 ut
1193 397 1436 456 homines
1458 399 1766 459 hominibus
1793 419 1911 459 cre-

205 477 365 540 dant,
394 474 486 532 nifi
515 476 621 530 vita
654 473 930 546 pecudum
971 490 1125 531 more
1157 472 1401 547 degenda
1438 474 1532 548 fit3
1582 493 1693 535 non
1731 480 1911 536 amici-

204 551 282 610 tia'
304 550 471 609 modo
499 588 518 615 ‚
565 547 758 606 verum
808 551 980 606 omnis
1019 548 1266 606 humana·
1297 549 1511 609 societas
1549 553 1811 617 interiret,
1847 572 1913 613 ac

202 627 337 686 nihil
372 626 587 700 prorsus
625 624 895 683 incolume
917 641 1248 697 remaneret3
1271 624 1309 681 fi
1356 625 1487 684 alter
1515 626 1663 685 alteri
1686 665 1710 692 ,,
1740 628 1777 685 fi
1812 647 1908 703 po-

201 704 322 762 steri
362 702 754 777 antiquioribus
785 700 948 759 fidem
981 718 1087 758 non
1116 700 1402 764 haberent,
1431 701 1468 758 fi
1503 702 1632 761 nihil
1672 702 1910 763 affirma·

200 797 262 836 re
298 778 630 835 statuerimus
660 812 676 840 ‚
721 776 873 853 quod
912 793 1021 834 non
1070 775 1214 833 idem
1264 777 1530 850 poflemus
1561 779 1704 854 quast
1740 797 1908 840 manu

200 871 418 928 tangere
448 854 509 913 δε
547 868 730 910 tenere
769 869 1103 927 perceptum.
1173 852 1513 912 Probationes
1552 856 1917 931 requiruntun·

198 929 438 1006 juridicae
473 931 534 989 &
562 928 968 992 concludentes,
991 945 1102 985 non
1127 943 1306 986 tamen
1337 927 1792 996 demonstrativae,
1813 931 1906 992 sed

199 1005 293 1081 ipsi
327 1002 605 1079 propofito
638 1004 914 1061 evincendi
944 1004 1271 1078 prudentem
1300 1005 1909 1066 credulitatemzaccorn-

197 1081 466 1151 modatae3
503 1077 648 1136 secus
685 1082 832 1137 enim
874 1084 938 1141 &
969 1078 1075 1154 ipsa
1120 1078 1347 1145 Christi,
1380 1096 1473 1137 aut
1504 1081 1748 1155 Moysis,
1778 1083 1905 1142 Pro-

195 1156 482 1231 phetarum
515 1158 577 1215 δε
616 1157 997 1229 Apostolorum
1030 1154 1310 1218 miracula,
1350 1156 1550 1230 quibus
1598 1157 1908 1217 Christianae

196 1231 480 1304 Religionis
509 1230 729 1288 evidens
754 1230 1070 1289 credibilitas
1102 1229 1276 1305 eviPta
1306 1228 1441 1296 fuit,
1464 1233 1521 1289 in
1555 1231 1786 1292 dubium
1811 1234 1906 1293 de·

196 1323 351 1366 mum
384 1303 739 1366 vocabuntur.

339 1457 566 1516 XXXII.
624 1458 948 1535 Qanquam
981 1461 1161 1534 negari
1194 1476 1305 1517 non
1339 1459 1524 1534 potiit,
1550 1458 1904 1518 deterrimum

197 1533 334 1588 inter
368 1534 602 1607 reliquos
637 1535 948 1608 ignorantiae
971 1553 1031 1592 ac
1054 1535 1309 1591 barbariei
1341 1534 1662 1591 saeculorum
1682 1535 1904 1593 rudium

198 1603 418 1663 effecius
476 1610 634 1664 etiarn
685 1606 837 1665 fuisse
877 1613 1095 1666 nimiam
1130 1609 1416 1666 hominum
1454 1607 1589 1666 circ&
1651 1610 1904 1669 miracula

194 1681 591 1748 eredulitatem,
612 1700 674 1738 ac
702 1682 1109 1756 superstitiosam
1137 1684 1421 1740 levitatem.
1509 1683 1690 1757 Hujus
1724 1702 1905 1743 exem·¹

196 1756 284 1832 pla
316 1757 571 1814 nonnulla
603 1757 856 1813 exhibere
889 1755 1061 1815 forsan
1097 1758 1303 1833 possent
1326 1756 1463 1816 falsae
1495 1759 1904 1833 quaedam'San-

195 1832 410 1890 &orum
433 1831 673 1907 legendae
708 1830 1038 1907 potiffimum
1063 1833 1266 1891 Saeculo
1291 1834 1410 1898 lx„
1431 1833 1704 1892 occasione
1733 1853 1902 1894 trans-

192 1908 396 1966 lationis
434 1909 780 1984 reliquiarum
813 1924 932 1965 tum
969 1906 1436 1984 frequentiffimae,
1471 1909 1643 1967 modo
1678 1907 1904 1970 fabrica-

196 1999 261 2042 tae
281 1989 342 2045 &
363 1983 632 2047 οοηίὶἃω,
652 1984 750 2041 -ubi
777 1982 1145 2042 deficientibus
1179 1987 1317 2043 veris
1346 1986 1601 2058 Martyris
1622 1986 1905 2059 cujusdam

194 2059 351 2125 offis,
387 2063 462 2136 pii
495 2059 717 2136 quidam
754 2059 1026 2124 homines,
1061 2058 1152 2117 sed
1189 2060 1447 2135 {implices
1483 2059 1800 2135 obsequium
1848 2061 1901 2126 se

192 2135 588 2208 praestarevneo
627 2139 689 2197 &
727 2134 927 2193 Sanffi‘s
964 2135 1249 2210 perpeer
1273 2134 1662 2199 existimabant,
1692 2135 1900 2195 consar-

176 2209 423 2265 -cinando
454 2210 658 2284 aliqua,
691 2209 753 2266 ut
800 2226 1048 2284 poterant
1068 2250 1084 2273 ,
1128 2212 1356 2268 maxime
1390 2209 1690 2285 prodigiosa
1714 2250 1727 2274 ,
1774 2229 1899 2287 quae

194 2286 250 2339 in
283 2280 427 2340 festis
456 2283 790 2358 legerentur,
823 2288 886 2346 &
914 2285 1103 2361 populi
1129 2286 1400 2360 simplicis,
1428 2288 1481 2341 in
1512 2303 1626 2361 quo
1661 2285 1900 2360 plerum-

192 2374 306 2432 que
328 2357 710 2433 prodigiorum
744 2363 808 2420 &
835 2363 1083 2419 novitatis
1114 2362 1298 2437 gustus
1320 2362 1549 2418 veritatis
1583 2359 1790 2419 sensum
1813 2362 1898 2421 su-

192 2450 383 2508 perare
416 2432 542 2490 solet
561 2471 576 2496 ‚
610 2432 962 2494 devotionem
985 2434 1252 2495 foverent.
1324 2436 1526 2510 Neque
1560 2453 1656 2493 nos
1688 2436 1900 2506 sumuS,

191 2510 290 2583 qui
322 2511 502 2567 omnia
549 2506 637 2566 ina
681 2511 930 2584 miracula
980 2511 1184 2644 Sarsiffis
1232 2510 1478 2588 attributa
1523 2510 1554 2570 ὃ
1588 2511 1900 2597 Biograpbis

970 2600 976 2605 ·
1687 2605 1831 2663 ejus-
