2144 2852
281 213 385 277 168
814 183 1420 287 fflffhwsswss

274 359 384 401 tem
422 337 506 396 illa
552 336 816 414 probatur
858 356 926 397 ex
973 337 1211 404 Ecclesiae
1237 339 1556 400 ‚testimonio
1578 375 1596 403 ,
1635 338 1800 414 quod=
1830 342 1983 401 nobis

275 416 424 476 certo
459 416 659 473 constat
705 434 770 473 ex
807 415 1060 474 consensu
1094 415 1353 493 Corporis
1391 416 1692 478 Pastorum,
1724 415 1820 473 suo
1854 427 1986 484 cum

274 495 466 567 Capite
501 490 953 565 conspirantium3
1015 492 1378 555 testimonium
1441 487 1574 549 vero
1612 491 1744 549 illud
1792 509 1988 552 verum

275 576 339 632 &
375 567 734 625 indubitatum
768 567 897 631 esse,
929 568 1255 626 demonstrat
1293 566 1528 626 concessa
1582 568 1836 626 divinitus
1894 587 1992 626 ve·-

277 664 350 702 rae
393 642 631 700 Ecclefiae
681 644 959 702 aufi’toritas
1014 648 1076 705 &
1118 645 1403 702 'inerrantia
1440 660 1456 718 3
1513 661 1637 720 quae
1693 644 1858 718 porro
1897 663 1992 702 ve-

275 739 333 778 ra
383 718 441 776 fit
489 719 572 775 illa
616 718 841 777 Ecclefia
886 719 1139 783 divinitus
1180 721 1441 784 instituta,
1474 738 1539 778 ex
1576 722 1790 778 motivis
1814 719 1988 778 credi-

274 797 484 854 bilitatis
531 798 592 855 ὅτ.
641 795 798 870 {ignis
843 812 1005 870 atque
1052 795 1444 854 characteribus
1486 796 1778 872 perspicuis
1826 798 1988 854 etiam

274 872 373 947 ipsi
409 870 538 928 sanae
573 873 757 929 rationi
792 869 942 930 facile
973 871 1264 932 innotescit.
1351 872 1587 946 Cognito
1619 873 1784 947 igitur
1821 871 1989 946 huius

276 948 576 1005 testimonio
612 963 674 1004 ac
710 947 910 1021 judicio
953 947 1172 1021 publico
1214 946 1482 1024 quidquid
1530 951 1859 1023 opponitur.
1898 945 1989 1005 vel

276 1023 617 1098 suggestione
665 1041 726 1080 ac
766 1023 1054 1080 tentatione
1102 1023 1357 1082 daemonis
1386 1060 1405 1087 ‚
1455 1022 1541 1080 vel
1577 1022 1990 1082 Libertinorum

277 1115 501 1157 omnem
533 1097 902 1156 certitudinem
945 1097 1069 1156 fidei
1102 1101 1458 1174 evertentium
1495 1100 1735 1162 artibus,
1772 1098 1827 1172 id
1867 1115 1994 1157 om-

277 1191 349 1232 ne
384 1172 664 1230 neceflario
697 1171 883 1230 falsum
917 1173 1242 1247 dignoscitur
1274 1191 1290 1235 ε
1344 1188 1402 1232 ut
1432 1193 1593 1230 omnes
1618 1173 1990 1249 propofitionum

277 1250 500 1309 rivulos,
529 1248 658 1304 teste
691 1247 885 1304 Sansto
915 1248 1262 1319 Hieronymo
1287 1267 1454 1307 contr.
1482 1249 1747 1312 Lucifer.,
1767 1269 1861 1305 uno
1892 1248 1989 1306 Ec-

278 1322 423 1393 clefiae
439 1322 540 1393 sole
562 1321 749 1392 ficcare
783 1319 933 1378 facile
969 1322 1028 1379 sit
1047 1340 1063 1395 3
1102 1328 1163 1384 δε
1196 1341 1262 1380 ex
1292 1324 1488 1382 Sanfi'to
1527 1325 1832 1397 Augustino
1865 1325 1988 1382 Lib.

279 1398 350 1456 de
385 1395 564 1454 haerefi
577 1433 595 1459 ‚
627 1395 865 1471 superflue
897 1411 1153 1470 quaeratur
1167 1434 1186 1460 ‚
1225 1416 1317 1454 cur
1354 1397 1525 1455 contra*
1559 1399 1647 1468 ista
1667 1400 1854 1470 sentiat
1888 1400 1991 1456 Ec-

234 1499 235 1502 *
277 1471 438 1619 {best}
455 1473 698 1556 Catholica
715 1470 748 1531 ,Ρ
787 1471 893 1528 ciam
922 1485 1127 1548 propter
1160 1474 1246 1531 hoc
1267 1474 1403 1544 scire
1422 1471 1640 1545 sufficiat
1680 1493 1785 1531 eam
1817 1489 1990 1531 contra

277 1568 296 1604 ι
335 1566 368 1605 a
422 1560 595 1604 entire.

433 1693 631 1756 XXVI.
667 1697 793 1757 Nec
842 1713 1021 1757 tamen
1057 1696 1344 1774 propterea
1378 1697 1619 1775 prudens
1668 1701 1992 1777 quisquam,

278 1771 561 1850 perspecto
593 1777 654 1834 &
693 1775 901 1832 mature
938 1774 1165 1849 expenso
1190 1777 1402 1850 integro
1436 1775 1540 1833 hoc
1571 1776 1881 1849 systemate,
1906 1779 1990 1851 iu·-

280 1852 411 1907 stam
447 1849 538 1905 fibi
579 1848 751 1906 ansam
792 1848 1074 1923 suppetere
1123 1851 1460 1913 existimabit,
1495 1850 1631 1924 vage
1659 1852 1794 1909 adeo
1825 1851 1992 1911 fidem

280 1924 698 1988 carbonariam,
729 1923 898 1997 vulgo
931 1922 1300 1982 Kohlerianam
1336 1928 1489 1983 toties
1523 1926 1875 1989 decantatam,
1897 1945 1990 1986 aut

280 1998 720 2064 Mahometanam
754 2001 1107 2072 ignorantiam
1148 2016 1208 2057 ac
1248 2001 1510 2074 ignaviam
1554 2002 1707 2059 nobis
1755 2001 1992 2060 Catholi-

283 2077 356 2133 cis
405 2075 727 2149 imputandi:
767 2071 896 2130 cum
944 2072 1108 2130 fidem
1141 2091 1248 2130 non
1301 2073 1408 2130 fine
1443 2079 1646 2132 ratione
1683 2078 1988 2149 exigamus,

282 2150 393 2207 imo
424 2152 731 2225 cuicunque
760 2147 990 2224 poscenti
1029 2150 1288 2205 rationem
1326 2149 1453 2204 dare
1482 2153 1643 2224 parati
1667 2149 1856 2214 fimus,
1881 2155 1987 2226 pri.

282 2223 509 2299 usquam
544 2225 911 2298 postulemus,
943 2238 1004 2279 ut
1044 2223 1231 2279 nostrae
1262 2221 1521 2281 doarinae
1555 2223 1686 2282 fides
1717 2225 1989 2286 habeatur.

282 2300 476 2358 Medio
527 2301 665 2358 inter
709 2299 822 2358 duo
858 2313 1093 2355 extrema
1123 2298 1152 2353 ἃ
1192 2298 1242 2355 se
1283 2300 1510 2356 invicem
1558 2300 1724 2376 quam
1759 2303 1988 2361 maxime

284 2369 453 2433 diffita
484 2377 692 2432 tramite
722 2372 1055 2435 incedimus,
1094 2374 1228 2432 inter
1262 2372 1533 2448 supinam,
1558 2377 1804 2451 inquam,
1836 2377 1989 2435 insci·

285 2451 414 2508 tiam
450 2454 511 2510 &
558 2450 888 2511 vecordiam.
932 2452 995 2509 &
1043 2449 1180 2505 inter
1226 2449 1579 2508 curiositatem
1617 2451 1987 2513 insatiabilem:

285 2542 397 2586 non
434 2523 617 2585 sumus
661 2529 717 2586 in
753 2525 929 2585 nostra
965 2521 1072 2582 fide
1105 2540 1196 2583 aut
1231 2523 1419 2585 leviter
1456 2526 1697 2592 creduli,
1729 2543 1819 2657 afut
1881 2545 1987 2657 ἐκ..

1768 2617 1824 2657 ra
