2144 2852
228 223 301 317 533
773 217 948 303 &003¹
990 217 1020 294 )
1059 237 1098 279 0
1135 218 1169 298 ί
1207 213 1388 323 Q&

218 368 278 406 v.
303 372 382 412 4.,
417 365 531 426 quo
562 366 670 430 non
705 351 930 410 obscure
968 351 1241 427 indigitat,
1278 351 1431 429 aeque
1464 349 1782 427 impoffibile
1812 344 1943 428 effe,
1988 421 1991 425 ¹

226 425 410 501 plures
444 426 570 482 dari'
596 427 727 484 fides
758 433 820 489 &
858 428 1154 503 Religiones
1188 446 1339 485 veras
1376 429 1513 486 inter
1552 428 1604 485 se
1645 425 1942 504 oppofitas,

224 502 390 579 quam
440 503 755 577 impoffibile
797 506 874 561 est
919 505 1031 560 dari
1087 503 1300 578 plures,
1334 504 1501 580 quam
1534 521 1705 561 unum
1742 521 1943 563 verum

224 580 438 640 Deum,
472 578 796 643 Dominum,
817 585 877 642 &
910 580 1203 653 Spiritum,
1231 580 1259 636 ἓ
1290 598 1404 656 quo
1433 580 1783 655 vera'Religio
1813 584 1943 654 pro-³⁴

224 656 438 718 venire,
461 659 521 715 &
556 654 781 711 Ecclesia
815 674 942 712 vera
974 655 1128 730 dirigi
1164 656 1338 714 debet.
1418 655 1577 714 Unde
1614 655 1747 712 dum
1780 658 1941 723 unica

223 733 363 788 inter
412 747 599 786 omnes
635 730 742 787 illas
782 749 908 788 vera
946 731 1054 801 effe
1083 730 1289 806 pot'est3
1325 730 1537 789 sufficit.
1552 731 1618 788 ad
1658 728 1936 789 ferendam

221 809 278 863 in
312 806 535 881 reliquas
559 809 563 814 ’
583 823 772 865 omnes
807 810 1005 865 erroris
1039 803 1100 868 ’δι
1147 806 1373 864 falsitatis
1421 807 1750 868 sententiam,
1783 804 1937 884 quod

220 883 327 939 istae
362 899 472 938 non
507 880 730 939 tantum
752 887 892 941 inter
929 881 1062 948 sese,
1096 881 1187 941 sed
1225 885 1382 942 etiam
1415 883 1483 959 ab
1521 885 1675 941 unica
1711 883 1796 941 illa
1833 883 1939 942 sola·

221 976 350 1016 vera
380 957 692 1016 dissentiant.

351 1107 442 1165 111.
479 1106 850 1166 Nihilominus
880 1128 939 1166 ea
968 1110 1042 1166 est
1066 1108 1235 1166 saeculi
1266 1109 1428 1166 nostri
1453 1105 1756 1170 infelicitas,
1779 1105 1933 1183 quod

223 1183 403 1258 plures
433 1184 769 1256 reperiantur
791 1184 1224 1260 Pseudopolitici‚
1246 1188 1341 1261 qui
1372 1182 1743 1258 aliumplane,
1767 1182 1935 1257 quam·

217 1260 469 1322 Divinam
503 1262 781 1317 veritatem
819 1264 880 1321 δε
900 1261 1117 1317 [alutem
1153 1261 1327 1323 suam,
1356 1260 1692 1334 respicientes
1725 1259 1932 1330 polum,

220 1336 260 1392 fi
295 1352 403 1391 non
434 1352 657 1408 agantur
692 1335 833 1392 reeta
865 1338 918 1393 in
952 1336 1194 1411 scopulos
1227 1335 1492 1393 Atheismi
1522 1337 1718 1409 aperti,
1741 1334 1821 1390 his
1845 1333 1938 1390 sal-²

221 1428 334 1470 tem
374 1415 427 1467 in
451 1411 793 1483 Syncretisrni
828 1410 1055 1485 syrtibus
1100 1412 1303 1469 haerent
1324 1449 1343 1475 ‚
1393 1411 1455 1471 δι
1489 1427 1708 1466 ornnem
1745 1409 1932 1482 Religi-

218 1504 409 1550 onem,
443 1504 564 1561 quae
600 1486 781 1543 Deum
815 1504 987 1544 unum
1012 1491 1073 1548 &
1097 1490 1300 1543 trinum
1326 1486 1542 1547 adorat,
1573 1491 1633 1545 ὃς
1656 1485 1933 1541 Christum

218 1562 634 1637 Redemptorem
669 1561 939 1636 agnoscit,
969 1560 1485 1628 indifferentem&
1505 1563 1558 1617 in
1583 1560 1797 1636 reliquis
1834 1559 1934 1615 bo-⁴

216 1641 426 1695 minum
466 1638 683 1694 arbitrio
723 1637 959 1695 relifi'tam
994 1639 1303 1695 existimant.
1431 1637 1684 1711 Qorum
1721 1636 1802 1692 alii
1837 1652 1933 1692 na-

220 1715 374 1771 turali
404 1713 569 1770 dulcis
603 1711 868 1790 quidlibet
903 1713 1185 1775 sentiendi,
1207 1711 1435 1770 docendi
1460 1717 1520 1773 δε
1549 1710 1742 1786 agendi
1770 1711 1934 1766 liber-⁴

220 1792 336 1845 tatis
371 1790 543 1844 studio
576 1789 628 1844 id
665 1787 892 1852 faciunt,
926 1790 1008 1845 alii
1039 1807 1224 1845 vanam
1256 1790 1483 1863 ingenii,
1511 1787 1547 1843 fi
1584 1787 1781 1860 superis
1818 1785 1930 1860 pla-s

217 1863 816 1936 cet‚excelsioris‚atque
846 1866 1000 1938 supra
1029 1865 1273 1938 vulgares
1296 1861 1725 1935 communesque
1752 1862 1930 1917 homi-i

218 1957 351 1996 num
387 1941 662 2012 opiniones
699 1938 884 1994 elevati
946 1940 1226 2013 gloriolam
1263 1956 1632 2010 aucupantur,
1680 1937 1761 1991 alii
1794 1933 1927 1991 vero

219 2014 320 2071 hac
353 2014 593 2069 idearum
636 2013 873 2070 libertate
909 2018 1056 2070 omni
1097 2012 1400 2088 inquirendi
1447 2015 1502 2068 in
1540 2013 1818 2068 veritatem
1850 2008 1926 2066 la-'

218 2090 352 2146 bore
385 2086 631 2146 facillime
667 2088 770 2145 sese
801 2090 1068 2161 expediri,
1092 2105 1252 2162 atque
1285 2087 1352 2143 ita
1377 2087 1575 2159 supinae
1601 2085 1702 2141 suae
1728 2088 1781 2141 in
1803 2102 1926 2160 gra-

218 2165 427 2221 viffimo
462 2169 523 2225 &
561 2182 670 2221 uno
712 2163 992 2221 neceslario
1027 2163 1195 2218 salutis
1231 2164 1452 2234 negotio
1485 2164 1701 2217 incuriae
1733 2177 1792 2216 ac
1829 2178 1925 2216 ne-

218 2241 484 2332 gligentiae
509 2239 730 2297 blandiri
760 2238 902 2314 posse
932 2238 1189 2299 credunt,
1219 2237 1353 2293 dum
1388 2240 1583 2311 argntis
1606 2237 1926 2312 Spirituum',

217 2334 279 2372 uc
314 2315 491 2391 ajunt,
526 2315 751 2373 fortium
783 2313 1129 2389 Sophisrnatis
1161 2313 1208 2368 se
1245 2313 1574 2387 relinquunt.
1681 2312 1804 2387 Nec
1827 2315 1924 2367 nii-³

217 2390 319 2448 nus
346 2391 633 2448 commoda
671 2397 732 2451 &
764 2404 1070 2464 opportuna
1106 2406 1165 2443 ea
1206 2388 1415 2444 libertas
1448 2389 1662 2446 videtur
1696 2388 1924 2444 avaritiae

220 2473 278 2525 ὃ(
314 2469 615 2529 ambitioni,
648 2465 713 2523 ad
749 2463 1129 2523 conservandas
1168 2480 1284 2520 tum
1327 2463 1556 2528 divitias,
1589 2479 1704 2520 tum
1755 2462 1923 2518 Minis

217 2541 497 2600 steriorum
527 2542 880 2623 publicorum
910 2540 1187 2617 dignitates
1206 2575 1224 2604 ‚
1249 2540 1919 2668 quas&veritati‚3{“orn-
1959 2568 1961 2571 ·

393 2654 395 2658 -
1682 2628 1737 2668 m
1780 2626 1841 2669 us
1905 2636 1915 2639 <
