2144 2852
268 199 347 259 50
452 169 459 175 ’
807 174 1415 266 «ἓῷὶηῷὀέ

265 318 424 379 tat-ios
460 314 759 374 retulerunt
805 335 871 374 ex
922 318 974 376 S.
1007 317 1047 392 J
1050 318 1219 374 ustino
1264 319 1460 393 Apolog.
1499 306 1596 372 add
1631 312 1705 373 ad
1744 316 1974 393 Imperat.

266 391 469 467 Neque
507 392 686 450 minus
735 410 877 451 certa
911 393 1096 450 iisdem
1130 408 1286 449 erant·
1326 411 1387 449 ea
1415 429 1435 456 ,
1482 409 1603 467 quae
1636 393 1879 468 Apostoli
1903 396 1975 451 --in

267 485 488 526 omnem
521 486 718 527 terram
750 468 931 532 divisi,
962 476 1024 529 &
1063 468 1419 543 Evangelium
1455 466 1650 526 Christi
1685 468 1978 543 praedican·

268 559 347 602 tes
373 546 426 599 in
469 544 708 601 Urbibus
741 547 1021 619 praecipuis
1061 549 1122 605 &
1145 542 1640 606 eruditioribus&
1670 547 1977 619 corruptio-

265 619 442 682 ribus,
460 618 647 676 mundi
674 622 950 694 emporiis,
972 619 1356 694 Hierosolymis
1379 618 1641 683 videlicet,
1651 619 1973 685 Antiochiae,

269 694 628 758 Alexandriae,
660 696 871 757 Romae,
903 694 1185 758 Corinthi,
1213 713 1315 771 per
1338 695 1628 758 Graeciam,
1666 696 1722 752 in
1753 694 1976 770 conspe—

268 769 362 828 &u
398 770 718 827 Graecorum
761 775 824 832 &
857 771 1211 828 Barbarorum
1233 808 1252 834 ‚
1302 771 1632 844 Sapientiam
1679 774 1742 832 &
1792 771 1978 844 lnfipi-

268 846 505 910 entium,
529 845 851 921 Judaeorum
879 852 941 909 &
967 848 1354 909 Romanorum,
1378 845 1714 919 populorum
1745 850 1809 908 &
1829 846 1978 904 Prin·
2030 853 2040 861 ”

267 924 455 996 cipum
497 921 876 997 perpetrarunt
914 940 930 980 ε
971 939 1162 997 utpote
1209 922 1405 998 quibus
1427 920 1698 984 Christus,
1721 938 1976 997 tanquam

267 995 495 1055 Naturae
533 997 744 1055 Auctor
776 1003 837 1059 &
875 999 1169 1059 Dominus,
1191 996 1558 1055 omnimodam
1599 997 1839 1068 patrandi
1876 1000 1978 1052 mi-

265 1073 442 1131 racula
477 1074 793 1147 potestatem
829 1076 1223 1131 communicare
1254 1072 1305 1130 se
1329 1073 1460 1129 dixit
1481 1073 1678 1128 Matth.
1701 1093 1767 1128 10.
1799 1075 1862 1132 δε
1883 1071 1977 1146 Jo-

268 1167 385 1206 ann.
410 1170 481 1209 14.
521 1152 584 1209 &
610 1149 762 1223 quod
794 1148 958 1212 dixit,
992 1145 1132 1205 fecit.
1240 1150 1419 1223 Qam
1450 1147 1761 1221 potestatem
1789 1147 1818 1203 a
1846 1148 1979 1205 Suc·-

270 1222 557 1281 cessoribus
588 1241 812 1298 quoque
848 1224 1237 1298 Apostolorum
1274 1224 1556 1281 exercitam
1589 1219 1769 1286 fuiffe,
1806 1225 1976 1280 conti·

273 1316 381 1356 nua
421 1300 575 1355 series
610 1299 856 1355 Historiae
894 1298 1256 1356 Ecclesiasticae
1302 1298 1711 1360 commonstrat,
1742 1298 1853 1372 quo
1886 1298 1978 1355 sci-

270 1373 393 1431 licet
422 1374 655 1431 verbum
692 1373 968 1450 Evangelii
1000 1374 1183 1432 recens
1206 1373 1519 1430 seminatum
1551 1375 1861 1447 irrigarent,
1881 1373 1976 1431 do·

270 1465 372 1508 nec
401 1450 685 1514 cresceret,
712 1454 774 1512 &
806 1448 1118 1508 universum
1153 1449 1345 1507 orbem
1379 1447 1642 1523 impleret.

421 1600 490 1658 X.
526 1597 735 1658 Verum
761 1598 960 1657 etiamst
993 1598 1204 1657 nullum
1236 1601 1290 1657 in
1321 1598 1784 1657 confirmationem
1819 1594 1978 1654 Chri·

267 1675 442 1733 stianae
475 1676 756 1750 Religionis
791 1676 1108 1733 miraculum
1157 1675 1365 1732 editum
1411 1674 1803 1749 supponeretur
1815 1688 1834 1744 ;
1875 1671 1978 1730 sola

266 1750 534 1808 sufficeret
585 1751 835 1808 mirabilis
883 1751 1129 1827 ejusdem
1176 1749 1436 1813 efficacia,
1485 1755 1546 1811 &
1582 1751 1636 1806 in
1669 1748 1977 1806 universum

267 1829 457 1883 orbem
496 1829 840 1900 propagatio,
882 1827 952 1883 de
986 1827 1094 1902 qua
1130 1826 1184 1884 S.
1212 1827 1541 1901 Augustinus
1569 1823 1689 1882 Lib.
1709 1846 1779 1882 22.
1808 1823 1868 1879 de
1901 1824 1977 1880 Ci-

266 1903 366 1959 vit.
397 1903 499 1958 Dei
520 1914 623 1974 cap.
649 1920 698 1958 s.
777 1901 871 1958 lbi.
897 1902 997 1964 „Si
1025 1919 1122 1976 per
1140 1902 1428 1975 Apostolos
1441 1901 1664 1963 Christi,
1682 1917 1742 1956 ut
1761 1901 1836 1955 eis
1854 1916 1973 1955 cre·

265 1976 524 2043 „deretur
547 1974 985 2032 resurrectionem
1014 1994 1175 2051 atque
1194 1975 1542 2034 ascensionem
1561 1974 1752 2032 Christi
1777 1972 1973 2046 pr‘aedi-

266 2052 556 2118 „cantibus‚
567 2053 721 2107 etiam
739 2051 828 2107 ista
841 2052 1087 2108 miracula
1100 2050 1231 2108 fasta
1252 2049 1480 2111 effemnn
1492 2049 1721 2107 credunt
1732 2047 1974 2123 gentiles5

269 2128 411 2194 „hoc
433 2127 586 2184 nobis
607 2143 779 2183 unum
797 2125 998 2200 grande
1027 2126 1344 2182 miraculum
1368 2123 1559 2182 sufficit
1576 2162 1594 2187 ,
1615 2123 1766 2200 quod
1787 2142 1847 2180 ea
1871 2139 1974 2180 ter-

269 2221 492 2269 „rarum
515 2203 659 2260 orbis
681 2201 787 2258 fine
806 2201 1066 2258 miraculis
1078 2201 1361 2264 credidit.‚‚
1432 2199 1592 2258 Adeo
1605 2203 1656 2255 in
1671 2201 1972 2275 propagati·

270 2279 525 2339 oneillius
548 2277 675 2336 nihil
699 2277 999 2334 humanum
1012 2314 1029 2340 ,
1044 2275 1131 2333 sed
1151 2293 1325 2334 totum
1341 2276 1600 2333 Divinum
1614 2277 1780 2332 extitit
1792 2292 1807 2346 ;
1820 2273 1972 2350 quod

270 2361 332 2417 &
363 2354 584 2429 suscepti
621 2355 822 2429 operis,
859 2352 1233 2427 implantandae
1282 2350 1529 2409 videlicet
1560 2369 1716 2409 novae
1749 2351 1971 2425 Religio-

270 2434 377 2494 nis,
402 2447 508 2487 tam
533 2430 772 2492 creditu,
795 2427 960 2505 quam
991 2425 1134 2484 fastu
1163 2426 1485 2485 difficillimae
1514 2427 1970 2489 arduitas,&me·

270 2508 517 2570 diorum,
540 2507 735 2581 quibus
772 2522 880 2563 tam
915 2503 1147 2563 arduum
1181 2521 1322 2579 opus
1353 2504 1506 2561 brevi
1551 2519 1798 2634 tempoig
1846 2519 1970 2574 per-

440 2606 444 2610 ·
1054 2604 1058 2611 ·
1717 2594 1744 2633 a
1803 2592 1898 2634 um
