2144 2852
184 217 304 316 „85²
722 206 962 312 f‘ss‘zvsse,
985 199 1160 311 ζα(
1178 205 1376 307 ῡὲαεῖςξζῷ

185 334 190 340 ’
219 311 383 401 Bccifi·
411 338 649 402 fuerunt.
759 342 951 415 Siquis,
988 341 1162 414 inquit
1179 377 1199 403 ,
1246 338 1371 397 idola
1395 335 1635 416 fregerit,
1665 341 1739 414 &⁶
1765 342 1943 418 *ibidem

179 435 187 451 '³
215 417 398 495 fuerit·
421 416 600 486 occisus
617 451 633 480 2
662 430 903 492 quatenus
931 418 985 472 in
1026 416 1295 488 Evangelio
1317 418 1556 486 scriptum
1596 437 1690 473 non
1727 415 1789 488 est
1803 455 1823 481 ‚
1852 433 1943 477 ηεή

187 536 190 538 ψ
225 513 319 568 que
351 494 611 549 invenitur
631 492 729 565 sub
761 490 994 566 Apostolis
1046 509 1260 566 unquam
1282 489 1480 568 fastum
1499 528 1517 556 ‚
1540 494 1726 569 placuit
1759 495 1815 552 in
1849 495 1945 554 n'u·

224 587 359 627 mero
386 586 495 626 eum
528 587 624 624 non
654 570 801 646 recipi
835 570 1150 638 Martyrum.
1742 584 1744 586 ·
1880 573 1908 585 ”

359 718 504 776 ΧΙΙΙ.
538 717 708 776 Porro
730 722 887 776 etiam
908 718 1106 776 nudam
1134 718 1367 774 veritatis
1383 715 1805 791 propalationem
1827 717 1950 787 abs·-

227 811 340 869 que
373 796 520 851 omni
554 791 696 851 fauo
730 795 970 852 seditioso
1005 795 1193 851 eadem
1227 793 1507 867 prudentia
1547 809 1799 868 tanquam
1836 795 1946 850 vir.

230 887 410 930 tutum
451 872 696 926 omnium
731 870 1054 927 moderatrix
1093 869 1273 942 dirigit
1294 905 1313 931 ‚
1353 885 1415 924 ac
1451 869 1660 942 regulas
1695 869 1804 927 illas
1838 865 1947 928 suf·

230 945 340 1004 ficit
376 962 477 1020 pro
527 944 828 1003 diversitate
876 946 1383 1003 circumstantiarum
1412 981 1428 1007 ,
1477 945 1675 1015 quibus
1707 946 1760 1000 in
1791 944 1948 1010 Iocis.

229 1019 593 1095 temporibus,
623 1021 811 1084 rebus,
856 1025 915 1081 &
953 1022 1105 1095 queis
1137 1018 1371 1094 personis
1413 1018 1748 1075 dissimulatio
1783 1021 1946 1076 inter-

230 1096 368 1154 dum
418 1094 721 1158 necessaria,
762 1095 1034 1152 interdum
1069 1094 1384 1168 expediens,
1418 1093 1689 1149 interdum
1724 1094 1861 1150 ⁴licita
1882 1094 1946 1156 Bt.

229 1169 475 1247 permissa
525 1170 609 1232 sit,
651 1173 785 1245 quin
823 1170 1020 1245 aliquid
1061 1187 1245 1226 contra
1296 1166 1664 1226 conscientiam
1704 1167 1820 1232 fiat,
1855 1183 1946 1241 aut

234 1248 405 1305 unicae
449 1262 590 1302 verae
628 1245 906 1320 Religionis
951 1243 1124 1302 officia
1165 1250 1225 1305 &
1258 1244 1403 1317 leges
1437 1243 1709 1300 laedantur.
1823 1244 1948 1303 Hac

207 1320 551 1379 ·moderante
593 1324 665 1385 &⁴
705 1321 846 1378 duce
885 1320 1291 1376 accommodare
1331 1319 1383 1374 se
1430 1336 1646 1392 oportet
1685 1317 1945 1392 personis,

233 1414 305 1454 ne
346 1394 550 1452 incaute
608 1399 903 1469 margaritae
941 1395 1284 1469 projiciantur
1319 1410 1439 1450 ante
1480 1410 1704 1466 porcos,
1738 1398 1800 1454 &
1833 1392 1946 1450 san·-

206 1470 317 1528 fta
354 1467 708 1544 profanorum
750 1470 990 1528 ludibriis
1021 1487 1081 1526 ac
1113 1467 1285 1526 furori
1323 1485 1698 1542 exponantur,
1734 1468 1946 1543 ipsique

207 1562 376 1602 ¹·verae
411 1544 698 1618 Religioni,
737 1543 798 1602 ut
841 1562 969 1602 mox
1003 1544 1206 1601 dicium
1238 1541 1378 1604 fuit,
1413 1542 1574 1617 gratIs
1611 1543 1784 1600 hostes
1819 1550 1947 1600 con-

234 1622 496 1683 citentur,
530 1637 630 1676 nec
665 1635 839 1677 tamen
869 1622 1027 1676 etiam
1060 1619 1281 1676 infirmis
1313 1617 1533 1676 scandali
1566 1617 1684 1674 ansa
1718 1618 1950 1692 praebea'·

235 1711 365 1770 tur3
403 1699 465 1757 ὃς
499 1695 724 1752 eaedem.
752 1695 915 1753 causae
963 1695 1232 1752 docebunt
1262 1730 1283 1757 ,
1329 1691 1545 1768 quando
1580 1691 1668 1751 vel
1716 1694 1948 1769 tempori

218 1772 326 1830 vel
364 1771 485 1829 loco
526 1770 650 1827 hinc
688 1770 814 1828 inde
857 1770 918 1829 fit
953 1769 1278 1828 cedendum.
1326 1807 1329 1810 -
1908 1780 1915 1787 ’

264 1984 267 1986 ,
439 1918 586 1978 XIV.
659 1919 907 1978 Attendit
941 1918 1164 1978 ulterius
1203 1917 1485 1994 prudentia
1527 1919 1683 1975 etiam
1720 1934 1804 1976 res
1839 1916 1948 1993 five

196 2003 207 2013 '
239 1992 472 2054 actiones
507 1994 614 2052 illas
642 2031 661 2057 ‚
705 1997 760 2050 in
795 1994 991 2069 quibus
1026 1995 1161 2052 falsae
1197 1995 1476 2067 Religionis
1507 1993 1702 2049 ‘asseclis
1733 1999 1948 2051 ‘ac'com'a-

238 2070 464 2128 modat-e
493 2069 543 2126 se
583 2070 771 2142 liceat3
805 2086 866 2125 ut
896 2086 1175 2144 nunquam
1209 2067 1470 2140 ejusmodi
1504 2067 1736 2123 afflones
1767 2085 1856 2123 aut
1881 2065 1948 2124 si-

241 2162 347 2221 gna
384 2161 598 2202 externa
632 2146 929 2221 permittat,
966 2161 1089 2218 quae
1124 2159 1190 2198 ex
1225 2143 1548 2198 institutione
1580 2141 1666 2198 sua
1704 2142 1790 2198 vel
1826 2142 1951 2200 mo'-

238 2221 336 2278 ,raii
371 2222 753 2277 existimatione
779 2218 1060 2276 hominum
1088 2235 1187 2291 per
1218 2217 1621 2273 circumstantias
1655 2217 1785 2280 loci,
1814 2218 1950 2275 tem'·

242 2297 422 2370 poris,
462 2295 807 2368 personarum
858 2293 1242 2354 determinata,
1294 2309 1456 2348 unam
1493 2291 1652 2347 solam
1688 2293 1946 2350 moralem

244 2370 680 2445 significationem
709 2367 881 2427 cultfis
930 2370 1196 2444 peregrini
1232 2371 1292 2428 &
1329 2365 1437 2422 falfi
1475 2366 1700 2430 babent,
1736 2366 1822 2423 sed
1863 2367 1949 2424 illa

244 2445 483 2507 tannim,
518 2463 640 2520 quae
673 2446 923 2519 ambigua
965 2443 1082 2500 sunt
1118 2461 1177 2499 ac
1207 2438 1658 2503 indifferentia‚&
1690 2441 1772 2499 vel
1808 2437 1949 2515 poli-

247 2522 416 2581 ticum
447 2520 763 2599 obiequium
798 2518 1102 2580 hominibus
1140 2517 1436 2594 p'raestitum
1464 2516 1744 2584 denotant,
1773 2518 1858 2572 veI
1884 2514 1952 2575 fi-

1781 2595 1929 2654 nem‘
