2144 2852
727 177 974 270 ἐῢ)
1013 182 1116 258 0(
1160 180 1333 270 ἐν*
1773 200 1891 273 221:-

183 320 289 378 star
312 309 850 386 omniumexempla
885 310 996 379 hue
1014 309 1257 379 Jreferoas·
1304 312 1516 377 :Unum
1550 310 1761 377 constat
1790 330 1887 372 no-

179 393 269 452 bis
299 407 367 448 ex
404 388 675 448 Anastasio
713 386 1134 453 Bibliothecario
1171 391 1228 446 in
1263 391 1378 447 vita
1393 390 1637 521 ‘joannis
1674 390 1714 445 Ι.
1750 389 1889 446 Pon·-¹

178 467 337 524 tificis
371 466 599 523 Romani
632 462 702 519 de
733 480 875 519 anno
909 463 1149 525 DXXI-II
1165 499 1188 528 ‚-
1204 459 1314 522 ubi.
1333 482 1393 520 re
1417 481 1499 521 ert
1533 464 1770 521 eundem
1790 465 1893 539 ,Jo-‚f

179 558 374 603 annem
402 570 419 602 ‚
468 541 718 595 nuntiato
755 537 852 594 fibi
891 537 1235 602 Theoderici
1274 541 1435 614 Regis
1487 539 1768 614 proposito
1817 539 1889 603 de

179 627 294 678 tota
329 615 480 685 Italia
514 616 642 688 igne
666 617 737 678 f&
763 610 911 685 ferro
946 615 1352 689 extinguenda,
1379 614 1477 680 nifi
1496 615 1758 691 -Justinus
1781 614 1887 683 Imf

219 708 398 753 erator
437 692 496 746 in
542 689 779 753 Oriente
813 688 1027 753 Arianis
1051 692 1334 754 -exercitia
1382 690 1888 764 suapermitteret,

234 769 543 841 egationem
603 762 672 820 ad
729 764 1012 839 Justinum
1048 761 1352 840 suscepisse,
1385 769 1447 827 &
1483 765 1551 822 ab
1581 763 1676 822 illo
1715 767 1888 839 irnpess

178 843 332 902 trasse
368 838 774 916 permistionem
831 839 1168 905 Arianorum
1186 875 1204 903 ‚
1266 858 1407 916 quos
1443 857 1627 898 tamen
1664 839 1887 897 Summo

177 917 283 995 (ut
315 917 565 997 loquitur
623 913 965 987 Anastasius)
1018 917 1215 973 ardoris
1261 934 1432 973 amore
1478 914 1750 987 Religionis
1796 935 1889 974 vo-

176 996 349 1054 luerat.
373 992 648 1066 extirpare.
706 1038 711 1048 .
769 989 1027 1054 Alterum
1042 989 1298 1056 :habetur
1327 991 1476 1066 apud
1511 989 1885 1055 sozomenum

175 1067 546 1141 libafflss'Cap.
586 1081 668 1138 19.
690 1065 755 1130 &ff
787 1064 1300 1136 Theodora-'Lih-,JL
1334 1067 1453 1141 Cap.
1484 1081 1566 1125 12.
1591 1066 1686 1124 ubi
1716 1065 1885 1135 Atha,-

176 1146 381 1204 nasius‚
417 1142 543 1208 fidei
579 1138 874 1198 Catholicae
907 1144 968 1202 ὅτ.
992 1139 1561 1204 Consubstantialit‘atis
1591 1141 1761 1198 Verbi
1788 1141 1884 1198 Di-

175 1223 293 1281 vini
325 1215 571 1277 defensor
593 1217 888 1272 acerrimus
906 1233 1049 1277 ,non
1082 1215 1294 1274 tantum
1326 1213 1663 1278 Amiochiae,
1703 1215 1792 1273 sed
1823 1220 1886 1279 &

177 1301 235 1355 in
263 1292 520 1352 omnibus
567 1291 683 1348 aliis
716 1290 1029 1348 civitatibus
1064 1291 1233 1366 (teste
1264 1292 1484 1354 Socrate
1519 1289 1627 1348 Lib.
1659 1291 1724 1348 IL
1762 1291 1882 1365 Cap.

183 1370 309 1444 ιε.)
341 1368 439 1427 ubi
473 1366 788 1430 soliAriani
823 1365 1028 1440 templa
1064 1366 1344 1430 tenebant,
1368 1366 1573 1441 templa
1606 1365 1886 1424 Orthodo-

174 1450 257 1505 xis
295 1443 612 1513 impetravit
631 1476 648 1502 ,
685 1438 1035 1498 concedendo
1074 1439 1270 1513 seilicet
1307 1440 1534 1502 vieiffim
1557 1474 1575 1504 ‚
1615 1457 1884 1515 quantum

175 1525 232 1579 in
264 1520 316 1576 se
346 1515 551 1578 fuerat,
587 1514 791 1587 templa
819 1515 1035 1572 Arianis
1067 1515 1437 1584 Alexandriae,
1471 1520 1532 1575 &
1567 1514 1772 1571 ubicun
1815 1533 1885 1572 ue

176 1597 274 1654 soli
309 1591 623 1651 Orthodoxi
664 1587 996 1644 obtinebant.
1098 1588 1228 1646 Hoc
1260 1587 1532 1648 Athanasii
1565 1586 1762 1663 respon
1785 1607 1883 1647 um

178 1667 502 1745 Imperatori
542 1663 857 1722 Constantio
883 1661 1101 1725 datum,
1120 1659 1182 1719 ut
1213 1681 1539 1738 promptum
1568 1667 1629 1724 &
1660 1680 1894 1721 acutum.

175 1748 222 1805 a..
239 1749 458 1804 Socrate
492 1739 770 1800 laudatur,
801 1741 862 1797 ὃ(
890 1733 952 1799 iit
974 1736 1008 1793 d
1030 1737 1141 1795 Deo
1155 1734 1453 1815 suggestum
1477 1736 1506 1794 ἓ
1527 1735 1746 1795 Ruffino
1768 1738 1885 1801 Lib*
2001 1754 2006 1762 ·

177 1823 248 1881 X.
277 1821 396 1892 Cap.
424 1831 508 1890 19.
586 1813 717 1869 Erat
756 1814 903 1867 enim
933 1813 1113 1870 omnis
1124 1815 1377 1944 cpotestas
1419 1818 1483 1874 &
1511 1814 1756 1887 potentia
1787 1831 1881 1888 pe-

176 1916 273 1955 nes
321 1891 698 1952 Constantium
747 1886 961 1945 Arianis
1012 1887 1121 1944 hau
1205 1886 1402 1963 parum
1436 1885 1746 1950 faventem,
1781 1889 1880 1964 qui

174 1968 519 2032 Orthodoxis
558 1964 742 2019 omnia
775 1959 977 2035 templa
1027 1961 1265 2020 adimere
1287 1998 1304 2026 ‚
1341 1967 1402 2023 &
1444 1963 1662 2022 Arianis
1696 1965 1881 2021 omnia

175 2047 471 2105 attribuere
509 2035 778 2114 potuisset.
883 2036 1134 2098 Praestare
1167 2035 1300 2112 ergo
1333 2037 1617 2111 Episcopis
1661 2038 1879 2095 videba-

176 2139 301 2183 tur,
337 2117 539 2191 templa
572 2113 638 2170 ab
669 2110 1011 2174 Orthodoxis
1048 2116 1302 2175 retineri,
1336 2130 1458 2187 quae
1494 2110 1788 2175 habebant,
1819 2117 1880 2176 δε

173 2198 245 2255 de
276 2211 428 2251 novo
465 2191 567 2246 illis
599 2188 826 2262 aperiri,
857 2205 980 2262 quae
1012 2204 1125 2244 non
1158 2186 1454 2249 habebant,
1486 2205 1614 2244 eum
1650 2187 1878 2244 toleran-

174 2276 250 2330 tia
285 2271 648 2328 Armorum,
683 2260 851 2339 quam
884 2265 1069 2322 omnia
1101 2263 1333 2340 perdere
1355 2297 1374 2327 2
1420 2267 1482 2325 &
1514 2263 1731 2322 Arianis
1761 2281 1878 2321 om·

166 2350 266 2408 <nia
293 2344 620 2416 relinquere.

1584 2487 1794 2558 XXIV.
1859 2541 1876 2559 ,.
