2144 2852
755 162 1362 252 QQ)0(Q³⁶³3‘
1836 183 1911 257 9!

202 319 378 365 manae
416 298 707 360 subfidium
744 297 900 357 fimul
933 302 996 361 &
1022 295 1284 373 froenum3
1316 298 1785 374 locupletiffimum
1820 318 1916 358 ve-

206 383 372 439 ritatis
402 376 860 454 promptuarium,
882 392 993 451 quo
1028 378 1400 433 contineantur
1434 376 1913 451 praec‘ipuasaltem

204 455 452 514 revelatae
486 452 763 526 Religionis
799 451 871 508 do
915 467 1076 516 mata,
1100 455 1162 513 &
1194 451 1326 527 quid
1357 452 1687 510 credendum
1706 493 1719 516 ,
1752 457 1916 530 quid-

204 549 276 591 ve
306 530 576 606 agendum
616 527 702 599 fit3
740 529 851 585 auri
880 526 1094 584 odinar'n
1143 526 1414 602 profunde
1462 525 1757 586 admodum
1809 533 1918 595 stu-

199 607 326 671 dio,
356 624 517 681 prece
538 643 551 668 ‚
574 603 913 661 meditatione
940 599 1250 660 fodiendam
1266 604 1405 679 ,qua
1431 607 1726 677 reperiatur
1758 607 1916 666 Chri,

204 684 269 741 sti
301 682 543 740 dofi'trina
584 697 598 738 ε
669 678 761 736 Ad
795 678 934 736 hane
968 680 1111 735 enim
1146 682 1265 754 quis
1301 678 1489 737 melius
1523 697 1940 755 perventurum.

206 757 260 815 se
283 796 301 823 ,
340 761 402 818 &
444 757 510 814 ab
539 773 721 814 errore
754 752 968 830 longius
1004 752 1322 813 abfuturum
1354 755 1556 829 speret,
1581 756 1675 812 nisi
1703 762 1795 832 qui
1824 761 1917 822 Sa,

206 833 296 899 cra
332 831 643 907 Scriptura,
668 829 723 887 id
759 829 864 895 est,
900 829 1078 888 divina
1111 848 1247 888 voce
1274 831 1481 893 &luce
1511 847 1760 906 regatur,
1780 834 1917 895 dum

208 926 353 968 certa
386 909 491 966 illic
528 907 579 964 se
616 905 812 965 habere
849 906 1121 978 intelligit,
1158 911 1221 968 &
1259 906 1535 964 infirmum
1585 907 1918 972 intellec-itum

204 983 499 1043 certiffimae
535 982 814 1041 revelantis
851 982 954 1040 Dei
989 981 1292 1041 authoritati
1330 982 1651 1041 substernit?

357 1135 460 1193 IV.
497 1134 698 1210 Neque
739 1134 1044 1208 graviorem
1080 1130 1172 1188 sibi
1210 1132 1457 1208 injuriam
1495 1135 1721 1208 irrogari
1757 1132 1920 1209 poffe,

206 1209 502 1268 existimant
533 1210 819 1273 Catholici,
847 1208 1011 1285 quam
1046 1207 1180 1265 dum'
1216 1210 1559 1283 contemptfis
1590 1211 1760 1267 Sacrae
1782 1212 1922 1268 Scri-

208 1302 382 1359 pturae
420 1288 761 1344 accersuntur
799 1290 862 1346 &
910 1284 1279 1341 insimulantur
1308 1323 1322 1346 ‚
1369 1287 1462 1360 q'ui
1506 1285 1694 1342 eadem
1733 1303 1923 1345 omnes

206 1360 458 1420 sententia
492 1367 554 1423 &
588 1361 694 1419 fide
743 1359 1071 1418 infallibilem
1107 1359 1222 1431 ejus
1261 1359 1671 1424 authoritatem,
1727 1364 1921 1420 verita·-

209 1437 603 1496 tem'Divinam
637 1436 787 1498 nullo
820 1453 1004 1493 errore
1042 1437 1248 1492 mistam
1284 1453 1392 1492 non
1417 1435 1623 1492 tantum
1659 1436 1922 1509 depraedi-

208 1527 360 1575 cant,
399 1513 486 1569 sed
521 1517 584 1573 δ(
613 1510 834 1586 profuso
872 1511 1122 1584 sanguine
1155 1513 1290 1567 tueri
1326 1527 1534 1584 paratos
1563 1511 1614 1566 se
1660 1510 1921 1584 profiten-

210 1601 334 1650 tur,
364 1605 425 1644 ac
452 1587 705 1644 tuendam
736 1587 836 1643 esse
867 1587 1090 1657 docent3
1126 1586 1334 1657 Legem
1369 1585 1508 1640 illam
1547 1585 1720 1646 suam,
1750 1603 1810 1641 ac
1836 1604 1921 1644 re-

210 1662 394 1735 gulam
419 1660 565 1723 fidei,
589 1678 915 1735 morumque
940 1678 1213 1721 normam,
1235 1659 1300 1715 ad
1334 1675 1496 1733 quam
1529 1662 1704 1716 omnis
1733 1659 1803 1716 de
1828 1661 1922 1719 Re-

209 1737 409 1810 ligione
421 1736 712 1794 Christiana
744 1738 961 1792 excitata
989 1734 1208 1808 quaestio
1231 1733 1613 1808 expendenda,
1632 1739 1694 1795 &
1720 1753 1784 1792 ex
1807 1738 1921 1810 ejus

209 1813 435 1869 oraculis
488 1810 787 1869 dirimenda
827 1809 914 1874 fit,
940 1810 1255 1884 suscipiunt,
1288 1809 1575 1867 firmiffime
1613 1811 1920 1878 credentes,

212 1905 558 1963 quaecunque
589 1886 716 1943 vere
753 1892 813 1947 δι
850 1885 1125 1942 evidenter
1162 1884 1311 1942 sacris
1350 1888 1410 1942 iis
1450 1888 1503 1941 in
1545 1887 1691 1944 libris
1725 1885 1922 1945 haben-

209 1979 332 2026 tur,
367 1969 425 2024 &
468 1961 596 2021 nihil
636 1960 971 2020 credendum
1008 1959 1331 2019 affirmantes
1355 1998 1375 2026 ,
1415 1962 1566 2037 quod
1601 1965 1661 2022 iis
1683 1961 1823 2022 'vere
1857 1969 1920 2027 &

210 2040 493 2098 evidenter
524 2039 848 2096 adversetur.

347 2188 420 2246 V.
454 2189 820 2246 Veruntamen
861 2186 1254 2264 praeterquam,
1291 2184 1440 2261 quod
1475 2185 1715 2244 doarina
1764 2187 1924 2247 Chri-

219 2261 281 2318 sti
314 2261 467 2335 plura
496 2264 718 2319 credere
759 2263 965 2337 jubeat,
993 2283 1115 2339 quae
1151 2281 1326 2321 tamen
1357 2266 1410 2318 in
1441 2262 1609 2319 Sacris
1638 2263 1926 2338 Scripturis

219 2335 453 2409 expressa
486 2354 595 2394 non
631 2337 785 2402 sunt,
823 2338 972 2414 quod
1011 2357 1186 2397 textus
1228 2337 1332 2412 ipse
1370 2337 1663 2394 earundem
1693 2341 1748 2395 in
1789 2358 1923 2399 conr-

220 2411 532 2468 troversiam
589 2428 808 2470 vocatus
855 2413 990 2488 saepe*
1038 2414 1070 2471 a
1115 2415 1355 2490 pluribus
1390 2410 1588 2476 fuerit,
1624 2414 1773 2488 quod
1811 2432 1923 2476 non

220 2486 714 2568 originale-ipsum,
733 2487 830 2572 ‚sed
854 2508 1017 2572 ⁶mera
1048 2487 1358 2624 ffiographa
1387 2488 1550 2569 longa
1586 2487 1815 2579 tantum·
1845 2490 1923 2562 se-

285 2588 292 2593 ·
767 2580 769 2582 “
1147 2581 1185 2625 2
1770 2579 1879 2625 ne'
