2144 2852
731 182 934 269 QQ
977 187 1004 263 )
1038 172 1080 246 a
1117 186 1145 266 (
1188 183 1361 268 QQ
1801 204 1921 268 ³193

180 318 274 380 'ad
322 316 619 376 lutulentos
640 325 646 331 '
666 315 971 377 obturbata·
1020 318 1242 376 rationis
1296 316 1507 376 rivulos
1563 314 1916 398 confligiant;

206 393 536 452 Mirandum
575 388 826 466 profecto
846 426 864 456 ,
891 392 1056 470 'quod
1093 395 1216 467 post
1253 393 1479 452 solidam
1511 392 1647 452 adeo
1684 395 1914 470 pleniffi-

205 466 467 543 mamque
495 466 917 525 instruffionem'
939 486 1009 526 ex
1043 468 1215 526 verbo
1237 470 1343 527 Dei
1379 487 1440 526 ac
1467 469 1798 528 revelatione
1818 474 1914 531 Di-

202 546 340 601 vina
374 559 681 618 acceptam,
707 543 807 599 alia
841 544 1110 618 principia
1138 542 1246 601 sola
1272 546 1501 606 Ratione
1536 545 1731 604 edocta
1767 549 1916 606 inve-

204 621 325 676 nire
359 619 559 682 velint,
591 635 661 674 ex
691 617 925 694 quibus,
957 618 1162 695 absque
1196 624 1351 677 omni
1379 620 1611 678 sub-fidio
1651 620 1936 698 principi·

203 711 379 751 orum-⁷
395 694 765 751 revelatorum
778 729 794 757 ,
822 693 936 751 solo
959 694 1203 752 Lumine
1221 695 1479 753 Naturali
1508 696 1712 770 poffint‘
1723 697 1910 757 omnia

203 768 414 861 reliqua
461 784 732 844 praecepta
776 769 1119 844 particularia
1158 769 1247 828 vel
1285 769 1634 834 immediate,
1672 772 1760 829 vel
1796 771 1932 832 mes

204 843 348 901 diate
381 844 571 902 saltem
601 844 829 907 deduci,
866 844 1020 920 quod
1052 845 1379 920 plerumque
1408 845 1526 903 fieri
1563 864 1675 903 non
1710 850 1908 922 potest,

201 919 300 977 nisi
332 937 432 995 per
467 919 665 994 longos
700 919 956 983 demum,
991 919 1280 984 obscuros,
1313 939 1376 978 ac
1411 921 1669 979 distortos
1704 921 1909 981 discur-

200 994 315 1058 sus,
341 997 437 1071 qui
463 999 559 1052 vix
592 994 659 1051 ab
684 995 945 1058 eruditis,
967 993 1151 1052 minils
1182 995 1213 1053 ‘a
1246 995 1477 1054 rudibus
1509 996 1906 1072 comprehendi

199 1085 478 1145 poterunt.
555 1070 695 1128 Sunt
720 1070 812 1129 illa
845 1073 1019 1146 princi
1065 1073 1114 1127 ia
1135 1069 1244 1128 suis
1278 1069 1493 1131 tantum
1514 1072 1784 1130 limitibus
1804 1077 1907 1149 cir-

198 1143 524 1220 cumscripta
538 1180 562 1208 ,»
584 1162 692 1203 nec
725 1145 977 1204 universa
1034 1145 1166 1203 acile
1197 1163 1419 1203 omnem
1454 1145 1772 1204 officiorum
1808 1149 1908 1208 ho·

197 1222 336 1276 mini
374 1219 444 1278 de
474 1221 616 1296 Jure
649 1221 879 1279 Naturae
926 1220 1362 1279 incumbentium
1396 1220 1742 1279 latitudinem
1776 1242 1912 1284 con-

198 1294 467 1366 cludunt3
521 1311 735 1354 tantum
781 1295 928 1355 abest
941 1332 957 1360 ,
997 1304 1060 1354 ut
1093 1296 1300 1372 fingula
1332 1296 1390 1354 id
1424 1295 1640 1354 efficere
1675 1298 1904 1373 valeant.

198 1370 384 1429 Multa
432 1369 651 1445 insuper
684 1372 881 1430 statum
914 1388 1307 1447 quemcunque
1351 1372 1585 1430 Naturae
1616 1377 1678 1434 &
1718 1373 1906 1448 potius·

199 1444 525 1505 abstractum
544 1445 866 1521 respiciunt,
899 1445 1072 1504 otioia
1099 1446 1393 1521 propterea
1423 1446 1621 1505 merito
1653 1450 1711 1502 in
1741 1449 1904 1506 scien-

194 1522 274 1578 tia
300 1537 524 1576 morum
552 1520 839 1578 direetrice
875 1516 1176 1595 reputanda
1191 1555 1210 1583 ,
1246 1539 1368 1594 quae
1398 1518 1533 1576 cilm
1557 1536 1675 1577 tota
1707 1523 1906 1595 prasti-

196 1610 264 1651 ca
300 1593 390 1656 fit,
419 1612 533 1650 non
565 1594 759 1656 alium,
799 1595 966 1669 quam
1006 1593 1131 1652 actu
1162 1596 1480 1656 existentem
1530 1595 1760 1654 Naturae
1808 1599 1906 1656 staa

199 1685 322 1726 tum
351 1667 598 1743 respiciat
618 1685 679 1724 ac
698 1668 933 1743 dirigat,
965 1666 1168 1725 necesse
1197 1668 1288 1724 est.
1367 1669 1549 1727 Status
1578 1685 1763 1727 autem
1784 1669 1903 1742 mo-J-

199 1743 404 1802 dernus
466 1761 578 1800 non
637 1742 778 1818 pure
831 1747 896 1804 &
941 1741 1090 1799 nude
1135 1741 1424 1805 naturalis,
1462 1741 1559 1804 sed
1596 1744 1903 1811 adventitio

195 1820 362 1877 etiam
394 1819 617 1877 vestitus
631 1853 651 1881 ,
686 1817 820 1875 ficut
849 1834 1106 1892 magnam
1137 1833 1349 1892 partem
1383 1819 1440 1874 in
1469 1822 1704 1876 externis
1727 1822 1900 1880 versa-

199 1909 292 1953 tur
305 1929 322 1957 ,
348 1892 696 1969 externisque
729 1891 979 1968 pluribus
1008 1891 1412 1967 impedimentis
1444 1893 1709 1957 abundat,
1741 1896 1815 1953 ita
1837 1902 1899 1960 &

197 1972 435 2028 externis
467 1967 809 2026 adminiculis
843 1967 956 2027 indi
997 1966 1123 2024 ebat
1159 1966 1255 2025 fibi
1301 1966 1513 2042 optime
1548 1975 1897 2044 congruenti·

194 2043 332 2110 bus,
362 2044 540 2122 iisque
569 2045 919 2103 convenienti
961 2042 1070 2102 une
1105 2039 1284 2107 filerat
1310 2041 1667 2118 adjuvandus,

347 2193 504 2252 XXI.
541 2192 793 2252 Dolenda
830 2206 1010 2251 tamen
1038 2191 1212 2268 magis
1244 2209 1440 2251 eorum
1473 2192 1550 2251 est
1585 2190 1894 2264 infelicitas,

198 2266 337 2328 dum
367 2285 480 2324 non
513 2269 830 2332 advertunt,
893 2272 1069 2328 uantis
1103 2267 1207 2326 sese
1229 2285 1501 2344 exponant
1523 2286 1774 2328 errorum
1799 2289 1894 2347 ρο,

199 2342 411 2406 riculis,
438 2341 536 2399 ubi
573 2341 795 2400 infidam
828 2362 859 2400 a
899 2343 964 2401 eo
1000 2345 1216 2403 Ducem
1235 2379 1253 2409 ,
1300 2342 1578 2401 imbellem
1626 2349 1893 2407 rationem

195 2418 366 2476 solam
415 2417 510 2474 fibi
567 2415 804 2474 ’udicem
865 2419 1355 2477 controversiarum
1415 2418 1686 2495 ejusmodi
1753 2426 1896 2482 cirea

201 2492 408 2570 agenda
441 2509 544 2551 con
591 2494 774 2553 ituunt
791 2512 811 2552 ε
849 2494 1203 2627 Υοίιιῃὲιεξω
1232 2495 1546 2571 propriam,
1580 2496 1781 2556 rec'tiiis
1813 2498 1893 2557 di·

1571 2626 1577 2634 .
1666 2588 1820 2649 κοῖος
