2144 2852
253 225 509 292 facultas,
559 225 712 304 quod
746 230 1050 303 cuicunque
1082 226 1219 284 cirea
1251 222 1580 299 Religionem
1612 223 1752 282 bene
1779 223 1954 284 visum

254 318 442 379 fuerit,
476 314 640 373 corde
676 314 930 373 credendi
964 319 1025 376 &
1071 331 1166 371 ore
1198 311 1517 376 confitendi,
1555 318 1616 374 &
1669 312 1794 371 huic
1829 331 1954 388 pro-

254 405 425 476 priam
461 402 605 458 suam
632 400 810 458 DEUM
841 399 1054 456 colendi
1098 401 1358 456 rationem
1389 397 1807 458 conformandi:
1843 402 1956 459 Ex-

252 493 411 562 ercitii
435 490 568 549 vero
579 490 818 547 Libertas
838 492 993 546 etiam
1042 486 1346 546 facultatem
1385 487 1691 563 superaddit
1729 490 1957 549 eandem

251 573 435 637 Deum
476 578 687 636 colendi
733 580 991 635 rationem
1035 576 1145 633 aliis
1193 580 1255 653 ἃς
1298 593 1426 641 cum
1469 577 1578 635 aliis
1617 579 1704 637 vel
1740 579 1956 655 publice

252 669 339 728 vel
377 671 626 744 privatim
667 666 1112 725 communicandi.
1201 667 1444 742 Utraque
1480 668 1648 742 porro
1682 669 1956 747 duplicem

252 757 416 814 habet
474 754 778 830 respess‘tum
826 772 840 812 :
917 755 1108 812 Unum
1171 753 1239 811 ad
1287 751 1472 811 forum
1525 758 1801 832 internum
1846 751 1957 816 sive

250 844 364 905 Poli
389 880 405 908 ‚
443 860 707 919 quatenus
744 842 936 899 scilicet
974 841 1082 899 fine
1119 841 1328 899 laefione
1364 841 1732 910 conscientiae,
1769 843 1826 902 id
1861 844 1957 910 est,

250 938 359 994 fine
398 933 586 1007 injuria
620 936 685 993 &
724 927 922 988 offensa
958 930 1066 986 DEI
1092 967 1112 993 ,
1149 926 1408 1005 reatuque
1445 934 1646 1003 peccati
1685 938 1747 994 δε
1785 951 1958 1008 poenae

248 1041 458 1084 aeternae
496 1021 665 1079 teneri
677 1018 893 1082 ‚assem
920 1016 1187 1091 indulgeri
1226 1033 1318 1075 aut
1353 1019 1575 1076 concedi
1616 1020 1787 1094 poffit.
1858 1021 1957 1079 Al-

250 1130 429 1174 terum
462 1110 531 1167 ad
566 1107 755 1166 forum
786 1107 892 1163 five
935 1106 1173 1182 politiam
1209 1109 1556 1171 exteriorem,
1587 1126 1845 1184 quatenus
1877 1108 1957 1168 ef-

248 1202 421 1262 festus
453 1196 685 1256 forenses
707 1233 725 1259 ,
774 1195 1073 1269 judicialem
1106 1193 1339 1269 desuper
1372 1194 1792 1261 ordinationem,
1834 1213 1959 1272 pra-

247 1290 532 1369 gmaticam
575 1286 655 1344 sui
691 1286 1135 1359 approbationem
1159 1320 1179 1346 2
1218 1281 1548 1350 securitatem
1597 1289 1660 1346 &
1704 1287 1958 1358 immuni·

249 1396 412 1438 tatem
449 1376 480 1434 a
520 1378 689 1450 poenis
723 1375 1096 1449 queiscunque
1125 1371 1512 1446 temporalibus
1538 1375 1820 1448 importat,
1839 1377 1957 1451 qui·

248 1468 354 1525 bus
389 1464 661 1523 interdum
701 1461 990 1535 Religiones
1030 1460 1138 1518 aliae
1177 1459 1206 1514 a
1247 1457 1463 1532 publice
1492 1477 1706 1537 recepta
1734 1480 1794 1521 ac
1826 1481 1956 1539 pro-

245 1556 366 1615 bata
403 1553 620 1614 diversae
658 1548 931 1627 prohiberi
969 1566 1029 1606 ac
1066 1549 1300 1606 coerceri
1337 1546 1521 1605 solent.
1908 1541 1914 1546 “

394 1699 710 1763 Secundum
750 1699 1101 1774 posteriorem
1138 1698 1289 1755 hunc
1322 1695 1951 1775 respectumssutramque

246 1791 577 1850 Libertatem
615 1787 1084 1862 maximelegibus
1120 1789 1338 1862 Imperii
1364 1787 1698 1860 Pragmaticis
1733 1805 1945 1846 accom-

247 1883 466 1939 modam
503 1878 775 1937 exhibebit
812 1876 1094 1933 dissertatio
1141 1876 1308 1932 altera·
1340 1891 1358 1947 3
1437 1874 1572 1928 Haec
1607 1871 1739 1928 vero
1777 1874 1943 1931 veluti

248 1969 571 2045 praeambula
610 1971 673 2027 &
710 1980 839 2023 cum
874 1963 1034 2018 altera
1070 1960 1304 2019 multum
1355 1958 1675 2017 connectens
1722 1962 1950 2023 eandem

244 2059 410 2133 priori
472 2053 714 2128 respectu
775 2048 1193 2111 consideratam,
1235 2048 1584 2103 examinatam
1630 2044 1840 2106 insimul
1875 2048 1951 2108 se-

244 2142 490 2203 cundum
527 2142 786 2200 rationem
820 2136 1003 2211 Juris,
1043 2134 1167 2192 fistit
1205 2138 1268 2195 &
1305 2132 1592 2196 concludit.

788 2303 1425 2459 WQW

1547 2516 1747 2651 cap.
1774 2519 1837 2651 Ῑ.
