2144 2852
271 233 357 295 η·
816 219 991 304 Μ
1034 223 1075 298 >·
1103 243 1141 284 0
1177 224 1219 301 (’
1252 213 1444 302 aaz&

426 348 569 410 XIV.
611 351 796 430 Atque
828 355 967 412 hanc
998 353 1222 431 quidem
1259 353 1646 411 dubitationem
1682 352 1890 410 unica‘m
1914 354 1977 414 St.

275 424 442 483 solam
475 427 703 486 admittit
737 433 910 503 agnita
947 436 1007 491 δι
1045 430 1203 486 semel
1257 428 1488 504 suscepta
1519 429 1715 502 Religio
1761 426 1979 483 Christi.-

272 520 396 564 ana,
446 520 634 578 utpote
665 521 784 579 quae
834 506 936 562 sola
984 503 1237 562 divinitus
1277 505 1504 578 revelata
1543 505 1644 560 effe
1684 503 1880 577 potest,
1912 507 1975 564 δε

273 578 421 634 certo
458 578 823 654 cognoscitur,
858 579 920 637 ut
958 579 1107 637 latius
1144 580 1438 636 ostenditur
1470 579 1574 654 seq.
1600 579 1732 652 Cap.
1844 577 1978 634 Reli-

274 670 396 727 quae
430 656 561 709 vero
597 672 781 711 omnes
814 655 978 713 Sectae
1018 655 1371 712 Ethnicorum
1405 670 1890 731 quorumcunque,
1910 651 1979 708 fi·

275 746 369 790 cut
398 734 458 788 &
494 729 1023 787 Mahumedanorum
1053 729 1204 788 facile
1237 731 1376 787 illam
1400 733 1554 785 etiam
1591 729 1978 785 dubitatione-m

272 804 584 866 admittunt,
616 804 722 879 qua
751 806 854 879 ipsa
892 807 1102 863 illarum
1141 807 1330 863 veritas
1362 805 1458 867 sub
1493 822 1714 861 examen
1755 809 1816 864 &
1849 820 1983 859 con-

271 879 580 935 troversiam
612 896 866 944 vocatur,
899 879 1024 938 cum
1057 881 1142 937 vel
1187 881 1345 938 rec‘t‘ae
1376 882 1558 936 rationi
1591 876 1982 935 evidentissime

269 953 636 1016 adversentur,
650 971 810 1030 atque
843 959 898 1012 in
920 955 1225 1013 craffiffimis
1249 974 1308 1012 ac
1339 954 1677 1011 intolerandis
1705 953 1981 1010 erroribus

269 1029 654 1091 versentur‚vel
678 1030 821 1086 certe
840 1031 1160 1087 anchoritate
1182 1030 1329 1086 mere
1353 1029 1586 1086 humana
1608 1031 1860 1090 nitantur,
1874 1045 1978 1085 nec

270 1104 444 1162 ullum
472 1103 800 1160 authoritatis
823 1105 1032 1161 Divinae
1052 1103 1363 1166 infallibilis,
1395 1123 1556 1179 quarn
1582 1103 1981 1178 crepant,testi-

271 1181 516 1237 monium
543 1183 604 1239 δε
626 1197 1147 1251 argumentum,aut
1177 1181 1538 1238 characterem
1563 1179 1734 1236 ullum
1763 1177 1981 1234 eviden-

272 1257 336 1312 tis
359 1258 420 1314 ὅτ.
444 1253 720 1327 prudentis
752 1255 1067 1312 credulitatis
1090 1254 1437 1329 praeseferant.
1512 1254 1690 1329 Judaei
1725 1253 1980 1327 denique,

269 1345 394 1387 utut
429 1329 498 1384 de
534 1328 710 1386 divina
746 1330 1023 1404 Religionis
1057 1329 1160 1387 suae
1200 1332 1520 1388 authoritate
1553 1348 1612 1387 ac
1652 1329 1977 1385 revelatione

188 1410 190 1413 ’
271 1403 495 1462 omnino
522 1403 682 1460 securi
710 1408 769 1464 &
793 1409 921 1467 tuti,
945 1406 1188 1462 dubitare
1210 1424 1386 1462 tamen
1415 1406 1657 1478 poliunt,
1682 1421 1747 1459 an
1779 1420 1887 1460 non
1916 1405 1973 1460 in

270 1479 625 1552 intelligendis
657 1483 717 1539 &
751 1480 1156 1554 interpretandis
1187 1482 1580 1554 Scripturarum
1610 1478 1832 1535 oraculis
1861 1495 1976 1535 tur-

267 1558 405 1630 piter
442 1555 748 1611 caecutiant:
785 1559 846 1615 ὅ(
881 1555 1014 1612 hanc
1044 1555 1430 1612 dubitationem
1458 1554 1578 1629 ipsae
1601 1556 1887 1627 Scripturae
1913 1556 1972 1611 iis

269 1648 383 1688 non
437 1626 644 1686 tantum
684 1632 1031 1703 permittunt,
1069 1630 1158 1687 sed
1210 1636 1269 1692 &
1303 1631 1591 1704 injungunt
1629 1646 1689 1685 ac
1737 1630 1976 1702 praecipi-

270 1723 406 1769 unt,
441 1705 574 1760 dum
611 1704 810 1760 Meffiae
857 1707 1072 1762 venturi
1121 1706 1395 1779 prorniffio
1432 1708 1582 1760 toties
1625 1705 1845 1778 repetita
1894 1703 1975 1775 iu-

268 1782 401 1838 stam
436 1778 709 1834 dubitandi
747 1780 920 1836 ansam
971 1779 1209 1855 praebet,
1249 1785 1311 1841 &
1358 1779 1703 1854 inquirendi,
1747 1795 1812 1833 an
1861 1794 1973 1835 non

268 1856 378 1929 jam
419 1853 719 1913 advenerit,
751 1858 843 1927 qui
882 1854 911 1909 ὲ
949 1872 1028 1911 tot
1063 1856 1276 1929 populis
1306 1856 1516 1911 easdem
1550 1853 1709 1911 sacras
1735 1853 1974 1926 Scriptu-

271 1947 353 1986 ras
389 1928 621 1985 unanimi
654 1924 901 2002 suffragio
937 1930 1362 1991 admittentibus,
1395 1946 1503 1984 non
1531 1945 1594 1983 ex
1628 1926 1767 1983 fama
1805 1944 1976 1985 terne-.¹

273 2007 406 2061 raria
429 2040 447 2066 ,
498 2001 585 2057 sed
635 2003 835 2075 ingenti
891 2006 1158 2059 rationum
1197 2022 1256 2060 ac
1293 2003 1671 2060 miraculorum
1706 2001 1975 2072 pondere,

314 2097 394 2136 uae
430 2093 529 2134 nec
562 2075 655 2149 ipsi
689 2094 878 2134 eorum
914 2077 1144 2150 Maiores
1181 2095 1375 2150 negare
1419 2093 1700 2150 poterant,
1737 2075 1822 2132 sed
1855 2079 1972 2150 qui-

314 2172 397 2210 am
431 2150 585 2208 nobis
613 2151 772 2208 literis
807 2150 1211 2224 consignarunt,
1244 2169 1304 2208 ac
1335 2151 1605 2225 praecipue
1633 2169 1698 2208 ex
1719 2150 1970 2209 consensu

270 2230 425 2304 ipsius
450 2228 612 2301 Legis
639 2229 857 2290 veteris,
879 2227 985 2303 jam
1023 2225 1216 2283 venisse
1248 2227 1579 2300 perhibetur.

399 2377 531 2433 XV.
582 2374 787 2450 Qodsi
821 2371 1149 2431 nihilosecius
1184 2375 1213 2447 (
1238 2391 1305 2428 ne
1340 2373 1405 2430 ad
1443 2376 1670 2448 impares
1702 2374 1816 2430 illos
1846 2391 1970 2431 con·

269 2453 494 2509 ditiones
525 2451 789 2524 obligare,
813 2454 874 2509 ὃ(
907 2450 1084 2523 gravia
1124 2448 1190 2505 ab
1239 2448 1395 2521 ipfis‚
1430 2448 1565 2506 levia
1598 2449 1626 2504 a
1669 2449 1971 2508 Christianis

269 2544 453 2604 petere
495 2526 800 2590 videamur,
836 2523 924 2582 sed
949 2524 1114 2599 aequis
1145 2525 1433 2582 rationibus
1462 2523 1704 2583 cumillis
1725 2524 1970 2653 agalxlnus)

1795 2614 1813 2654 ι
1852 2614 1894 2654 ιε
