2144 2852
792 198 974 282 ’ἕνῇ
1016 205 1045 280 )
1081 223 1120 263 0
1155 205 1186 280 <
1224 202 1405 293 οῇιῆςξα
1840 269 1845 274 .,
1871 216 1951 279 29

225 327 618 390 -Nihilominus
653 331 781 391 cum
814 340 875 396 δε
906 353 1032 392 vera
1054 334 1260 409 Religio
1296 335 1550 392 divinitus
1586 330 1812 391 revelata
1838 350 1948 391 non

249 409 446 481 exiguo
480 408 632 465 alicui
680 411 886 484 populo
908 451 928 477 ‚
974 410 1061 468 sed
1100 413 1351 481 omnibus
1386 411 1709 467 Nationibus
1746 416 1949 485 parata,

249 500 309 538 ac
341 482 551 555 singulis
584 490 885 542 communis
915 486 1016 542 esse
1046 486 1385 551 debeat,'nec
1412 503 1588 543 tamen
1613 485 1826 558 fingulis
1848 488 1950 540 im-

199 615 211 630 „
248 558 478 623 mediate
509 565 896 617 communicata
931 559 1032 634 fit‘3
1075 560 1236 619 debet
1270 565 1570 619 communis
1603 560 1850 634 quaedam
1881 558 1948 615 ad

246 633 620 691 authoritatem
643 636 782 691 illam
810 637 1060 693 Divinam
1088 637 1506 710 agnoscendam,
1535 641 1597 696 &
1622 636 1948 708 Religionem

247 709 315 764 ab
343 707 441 764 hac
475 710 880 767 descendentem
906 711 1330 786 amplefitendam
1358 716 1441 768 via
1466 728 1672 786 patere,
1699 710 1803 785 qua
1832 727 1947 766 orn-

247 800 342 839 nes
385 785 502 840 tuto
541 785 681 841 illam
718 784 1027 859 dignoscere
1056 825 1076 851 ,
1125 788 1263 844 hanc
1299 788 1431 844 vero
1465 785 1708 859 ample&
1741 786 1946 858 poffint.

202 893 204 896 >
240 858 346 915 Via
374 859 633 932 ejusmodi
662 865 963 919 communis
999 878 1192 936 praeter
1224 862 1586 919 immediatam
1621 860 1762 916 illam
1799 878 1948 916 reve-

195 982 197 984 .
245 932 453 990 lationis
482 934 676 993 divinae
707 937 1143 1011 applicationem,
1173 938 1567 1009 inspirationem
1599 936 1679 991 alii
1719 951 1912 991 vocant
1934 973 1949 997 ,

193 1068 201 1082 ,-
235 1006 460 1081 fingulis
490 1008 680 1069 faciam
708 1051 723 1074 ‚
774 1012 892 1068 solae
930 1014 1124 1069 restare
1176 1013 1388 1086 possunt
1428 1011 1661 1068 humana
1700 1011 1846 1066 Ratio
1883 1014 1948 1069 &

196 1153 198 1155 ‚
244 1084 575 1143 AuthoritaS.
686 1088 829 1144 Ratio
867 1087 1087 1161 quidem
1118 1085 1335 1145 facultas
1375 1089 1534 1144 animi
1575 1086 1803 1146 dicitur,
1842 1085 1948 1159 qua

245 1175 468 1224 conatur
497 1179 689 1218 verum
719 1169 779 1223 &
808 1161 1025 1226 falsum,
1051 1164 1256 1220 bonurn
1298 1168 1360 1223 ὃς
1387 1162 1588 1219 malum
1625 1160 1950 1236 dignoscere,

246 1238 307 1294 &
337 1233 366 1290 ὲ
402 1239 556 1292 certis
600 1237 802 1312 sibique
833 1241 969 1294 notis
1006 1239 1277 1313 praemiffis
1313 1255 1521 1295 certum
1557 1235 1755 1310 aliquid
1785 1247 1952 1311 argu·-

244 1311 536 1383 mentando
570 1311 876 1388 deducens,
907 1313 999 1369 fibi
1040 1330 1130 1370 aut
1159 1314 1266 1370 aliis
1298 1313 1429 1370 illud
1465 1311 1770 1387 persuaden
1833 1314 1951 1367 Au-

236 1383 504 1442 thoritatis
536 1386 668 1444 vero
692 1389 955 1444 vocabulo
986 1388 1065 1445 vis
1099 1388 1183 1445 illa
1216 1388 1564 1463 significatur,
1594 1404 1755 1461 quam
1792 1385 1952 1442 habet

187 1524 190 1528 ,
246 1460 313 1515 ad
365 1460 563 1536 aliquid
627 1463 1053 1537 persuadendum
1103 1464 1314 1521 alterius
1362 1465 1590 1519 narratio
1638 1462 1815 1518 verbis
1862 1459 1951 1515 vel

191 1585 195 1588 .
246 1532 444 1608 scriptis
479 1541 642 1594 menti
678 1540 866 1595 nostrae
913 1543 1317 1596 communicata.
1429 1538 1498 1594 Et
1542 1536 1654 1591 haec
1705 1533 1950 1609 quamvis

249 1608 485 1666 multum
519 1613 715 1684 polleat
737 1650 755 1674 ,
796 1631 906 1669 non
957 1630 1133 1669 tamen
1168 1614 1408 1687 ejusdem
1456 1611 1664 1682 semper
1697 1609 1951 1682 ponderis

185 1740 187 1743 ,
241 1685 350 1744 -est,
374 1685 459 1740 sed
491 1687 557 1741 ad
587 1688 809 1742 Rationis
840 1687 1066 1742 tribunal
1090 1705 1249 1760 atque
1282 1702 1499 1742 examen
1533 1683 1951 1745 trahendamos-

246 1776 358 1832 que
392 1763 422 1816 e
455 1762 664 1815 rationis
698 1761 949 1818 consensu
981 1761 1068 1818 vel
1109 1761 1331 1820 diffensu
1367 1760 1501 1817 illius
1529 1761 1642 1816 vim
1678 1775 1768 1816 aut
1802 1757 1947 1815 infir-

247 1837 484 1893 mitatem
521 1835 896 1910 dignoscimus,

405 1986 473 2046 V.
508 1986 671 2045 Unde
703 1986 1060 2045 dubitandum
1098 2003 1207 2043 non
1240 1987 1341 2050 est,
1367 1987 1670 2049 Rationem,
1697 1984 1847 2055 (non
1877 1996 1949 2040 ta·

244 2078 376 2119 >men
409 2065 545 2121 ultra
579 2063 833 2137 iphaeram
869 2063 946 2119 sui
984 2065 1194 2120 luminis
1233 2061 1538 2119 defectibilis
1576 2079 1635 2117 ac
1671 2058 1806 2133 saepe
1853 2058 1948 2114 ob-

243 2136 427 2207 scuti)
486 2139 778 2212 plurimum
819 2139 1131 2201 debere‚-&
1167 2137 1310 2209 posse
1347 2140 1504 2193 etiam
1543 2136 1845 2192 conducere
1880 2130 1948 2185 ad

251 2215 576 2283 agnitionem
607 2232 746 2268 verae
771 2214 1064 2287 Religionis.
1142 2213 1300 2282 Nam
1321 2211 1445 2282 cum
1478 2211 1665 2283 triplex
1702 2209 1852 2264 nobis
1881 2204 1946 2260 ad

252 2304 437 2344 rerum
461 2287 866 2360 comparandam
897 2291 1136 2344 notitiam
1160 2290 1603 2345 instrumentum,
1625 2279 1824 2343 sensus,
1852 2283 1948 2337 Ra-

175 2430 180 2432 >
236 2365 453 2419 -tionem
482 2400 495 2423 ,
533 2366 594 2421 &
628 2361 826 2426 fidem,
874 2381 995 2437 quae
1043 2362 1149 2436 ipsa
1183 2380 1302 2436 pars
1343 2362 1418 2417 est
1454 2360 1716 2434 praecipua
1756 2357 1947 2429 Religi-

252 2439 369 2496 onis
391 2472 409 2497 ‚
442 2435 660 2510 largitus
694 2436 753 2493 fit
794 2438 940 2494 Deus
970 2454 985 2510 3
1027 2437 1200 2493 sensus
1241 2438 1436 2491 Rationi
1459 2472 1477 2497 ‚
1515 2435 1786 2489 Rationem
1823 2430 1946 2486 fidei

179 2575 182 2578 A
237 2515 562 2591 «praetexuit,
586 2527 656 2579 ut
680 2510 924 2575 sensuum
954 2512 1242 2642 infirrssitati
1268 2528 1431 2584 opem
1456 2506 1620 2566 ferret
1657 2503 1946 2592 RatiogRa-

311 2622 321 2628 -
398 2621 403 2625 -
1178 2601 1208 2658 3
1501 2599 1506 2602 ·
1718 2598 1872 2638 nonis
