2144 2852
793 182 1398 266 aamoceeoao
1878 202 1950 247 21

243 315 287 374 ti
321 313 389 373 de
424 315 694 391 Religione
727 315 900 393 aliqua
926 357 944 382 ,
989 318 1251 393 quamdiu
1286 319 1428 376 illam
1471 315 1716 375 nondum
1752 315 1953 392 perspi-

243 395 321 449 cit-
349 394 639 449 certiffimis
674 396 942 468 principiis
971 399 1030 454 &
1051 393 1412 452 fundamentis
1437 397 1648 450 rationis
1679 397 1740 454 &
1763 394 1954 451 autbo-

241 470 405 526 ritatis
434 471 664 526 innixam
685 507 702 532 ‚
754 486 854 526 nec
886 469 1032 527 certo
1065 469 1094 527 ὲ
1128 471 1247 527 Deo
1284 470 1566 527 revelatam
1607 469 1709 525 effe
1743 487 1948 542 cogno-

238 543 351 602 scit.
466 545 520 602 Si
552 560 643 600 aut
677 544 834 602 refilae
866 547 1055 602 rationi
1094 544 1124 602 ὲ
1158 545 1419 604 diametro
1459 550 1520 605 ὃς
1566 545 1948 602 evidentiffirne

237 619 418 751 guoad
458 622 715 694 principia
748 621 835 678 sua
868 636 986 678 tum
1022 621 1363 695 speculativa,
1402 637 1520 679 tum
1559 622 1789 677 maxime}
1830 638 1949 693 pra-

297 698 368 752 ica
407 694 754 758 adversetur,
796 713 887 753 aut
938 698 1005 753 ab
1038 696 1346 754 hominibus
1395 694 1600 754 tantum
1643 694 1946 754 introdufi'ta

238 769 301 826 fit
331 771 474 827 nulla
498 770 738 827 mistione
763 770 954 828 Divina
992 772 1280 830 authoratis
1309 812 1324 836 ‚
1362 771 1555 829 merito
1592 788 1702 827 non
1740 769 1947 827 tantum

235 845 609 903 dubitatur'de
637 846 754 918 ejus
789 848 1039 910 veritate,
1063 847 1150 904 sed
1190 852 1253 908 &
1286 847 1512 905 falsitatis
1553 844 1839 902 manifestae
1864 864 1945 901 ar-

232 923 332 994 gui
365 924 574 994 poterit.
646 922 794 978 Nam
821 925 979 980 etiam
1003 922 1148 980 Ratio
1179 941 1260 979 res
1280 924 1380 981 Dei
1406 923 1511 984 est,
1544 919 1603 978 ut
1636 923 1707 977 ait
1737 913 1944 978 Tertull.

228 995 292 1052 de
315 998 493 1070 poenit.
512 1010 614 1070 cap.
645 1017 685 1054 ι.
716 997 932 1055 Lumen
963 998 1037 1054 est
1061 996 1381 1055 descendens
1401 998 1429 1054 a
1460 998 1610 1053 Patre
1624 996 1943 1057 Luminum‚

229 1073 298 1127 ab
336 1072 513 1146 eoque
545 1073 807 1146 signatum
831 1075 885 1129 in
919 1073 1203 1131 hominum
1239 1076 1451 1136 animis,
1483 1074 1571 1130 cui
1596 1071 1632 1127 si
1661 1072 1840 1146 aperte
1863 1089 1946 1128 re-

229 1144 472 1220 fragatur
505 1148 735 1222 Religio,
768 1148 796 1206 a
827 1149 946 1205 Deo
983 1147 1212 1206 revelata
1245 1151 1390 1207 credi
1423 1167 1531 1206 non
1563 1149 1772 1222 poterit.
1846 1147 1945 1203 Re-

227 1221 485 1295 ligionem
523 1239 700 1280 autern
739 1224 886 1281 mere
921 1223 1154 1282 humana
1186 1225 1504 1282 authoritate
1527 1221 1800 1281 induElam
1831 1239 1942 1280 non

229 1295 500 1359 sufficere,
534 1298 774 1373 superius
812 1300 915 1374 jam
949 1299 1215 1357 ostensum
1251 1299 1370 1358 fuit.
1446 1301 1500 1358 Si
1535 1299 1713 1356 Deum
1750 1298 1942 1356 autho-

228 1391 348 1432 rem
386 1373 598 1437 habuit,
632 1375 776 1432 nulla
813 1376 1075 1433 dubitatio
1107 1394 1391 1433 occurrere
1429 1376 1656 1448 poterit,
1689 1376 1822 1448 quin
1846 1392 1939 1429 ve-

226 1448 286 1506 ra
316 1448 407 1511 fit,
446 1450 692 1523 quamvls
724 1453 869 1518 Ratio
922 1452 1153 1509 humana
1190 1452 1332 1508 illam
1369 1450 1524 1525 plena
1559 1449 1787 1506 claritate
1829 1466 1939 1505 non

227 1519 528 1598 affequatur
556 1543 571 1597 3
613 1525 873 1600 liquidem
905 1527 1102 1583 Divina
1144 1528 1432 1584 authoritas
1457 1526 1657 1582 Rationi
1690 1523 1938 1580 huma'nae

227 1598 464 1656 obscurae
489 1619 548 1657 ac
581 1601 804 1658 infirmae
829 1602 1110 1673 praevalet‚
1135 1620 1194 1658 ac
1222 1601 1287 1657 ab
1311 1603 1458 1657 omni
1492 1598 1702 1655 fallaciae
1728 1597 1937 1671 suspici-

229 1692 336 1731 one
370 1676 622 1730 immunis
659 1677 751 1732 est.
829 1677 1138 1732 Hominum
1171 1692 1347 1733 tamen
1377 1676 1452 1731 est
1485 1673 1591 1730 falli
1633 1676 1693 1734 δι
1726 1669 1938 1737 fallere,

228 1747 467 1821 indeque
497 1767 596 1805 nec
625 1767 815 1806 eorum
848 1750 1153 1809 authoritati
1189 1749 1450 1807 continuo
1473 1747 1783 1811 fidendum,
1806 1745 1935 1806 cum

227 1841 364 1880 voce
403 1841 493 1880 aut
526 1824 721 1898 scriptis
753 1825 949 1900 aliquid
989 1823 1268 1889 referunt,
1307 1843 1366 1882 ac
1403 1827 1646 1882 nuntiant
1679 1840 1933 1898 tanquam

227 1897 257 1956 ὲ
296 1899 412 1955 Deo
445 1900 738 1956 revelatum
774 1907 835 1960 ὃς
868 1900 1186 1974 proditum3
1225 1919 1354 1958 tunc
1386 1904 1530 1957 enim
1574 1915 1683 1954 non
1729 1902 1782 1955 in
1824 1899 1932 1956 De-

225 1992 351 2037 um,
383 1979 478 2047 qui
512 1974 770 2032 aeternum
802 1994 963 2032 verax
1005 1977 1109 2040 est,
1142 1976 1228 2034 sed
1258 1979 1312 2033 in
1352 1976 1659 2042 hominem,
1688 1978 1780 2049 qui
1810 1971 1933 2032 faci-

224 2050 276 2107 Ιὲ
301 2049 386 2107 vel
421 2067 643 2125 propter
663 2052 1141 2125 ignorantiam‚vel
1174 2069 1397 2126 propter
1428 2050 1825 2125 improbitatem
1854 2051 1929 2107 est

224 2124 381 2185 fallax
418 2126 715 2183 mendaxve
735 2163 753 2190 ‚
791 2126 1025 2200 prudens
1068 2127 1328 2184 dubitatio
1358 2127 1558 2187 nostra,
1582 2141 1739 2198 atque
1772 2123 1929 2199 suspi-

222 2204 306 2258 cio
335 2204 680 2258 convertitur.
757 2202 1005 2277 Denique
1037 2207 1098 2263 &
1129 2202 1259 2259 illud
1301 2198 1686 2276 inquirendum
1722 2199 1828 2260 est,
1866 2219 1927 2258 ac

225 2275 615 2338 dubitandum‚·
643 2293 710 2333 an
744 2277 891 2333 reth}
923 2277 951 2334 a
987 2278 1138 2334 nobis
1175 2277 1534 2350 intelligantur
1566 2278 1626 2334 &
1658 2290 1929 2344 exponan-

224 2369 341 2412 tur,
373 2368 492 2424 quae
526 2354 579 2407 in
610 2353 876 2423 Religione
913 2352 1010 2410 hac
1042 2353 1294 2410 divinitus
1322 2350 1546 2407 revelata
1581 2347 1731 2405 nobis
1754 2348 1782 2404 a
1806 2350 1926 2412 Deo

223 2426 546 2489 subobscure
589 2429 766 2489 adhuc
795 2428 1007 2502 prodita
1041 2432 1102 2490 δε
1135 2441 1399 2503 praecepta
1434 2440 1833 2503 proponuntur.

304 2546 312 2550 ’
1024 2577 1072 2635 c
1111 2592 1142 2649 3
1633 2573 1847 2635 xiubt
1904 2589 1913 2606 ι
