2144 2852
810 167 1414 250 Qffflwgssssss
1894 185 1966 241 55

261 320 391 361 ones
432 303 752 379 dogmatum
788 302 1211 362 demonstrativae
1255 321 1364 362 non
1407 298 1693 360 afferantur
1715 338 1734 366 ‚
1769 315 1859 359 aut
1892 298 1962 358 sa-

259 380 323 437 tis
359 398 469 438 non
501 381 814 454 capiantur,
860 397 1053 437 verum
1088 381 1351 445 credunt,
1391 384 1454 441 &
1492 377 1824 435 credendum
1859 378 1964 441 est,

259 458 466 532 quippe
493 455 522 513 ἓι
558 456 675 512 Deo
709 454 910 513 infinite
949 458 1120 513 veraci
1156 458 1212 513 in
1248 457 1346 514 hac
1388 473 1517 512 vera
1555 454 1823 529 Religione
1856 469 1963 509 tra-

255 533 432 588 ditum
474 550 489 590 :
539 531 865 590 Authoritati
913 534 1054 589 enim
1107 532 1313 590 Divinae
1359 531 1650 589 humanam
1701 532 1961 587 rationem

257 606 569 665 submittere
599 605 760 665 fasces
794 607 994 664 debere
1027 607 1112 665 vel
1147 607 1253 665 fine
1286 610 1488 665 ratione
1518 622 1758 680 accepta,
1800 622 1962 661 nemo

256 684 363 746 est,
399 687 491 760 qui
527 701 722 757 negare
759 683 915 746 ausit,
953 682 1043 740 sed
1083 701 1269 740 omnes
1309 700 1519 759 paratos
1558 682 1609 737 se
1645 678 1963 756 profitentur
2050 724 2052 726 v

254 759 321 815 ad
357 778 414 815 ea
447 761 606 816 etiam
639 758 905 816 credenda
929 798 943 822 ‚
983 776 1106 835 quae
1140 762 1352 817 rationis
1391 758 1492 815 suae
1529 759 1774 814 acumine
1808 760 1965 813 attin-

258 852 389 909 gere
419 852 527 892 non
559 834 774 907 valent3
812 834 1118 893 dummodo
1141 838 1268 894 certi
1298 833 1391 891 fibi
1424 833 1551 896 fint,
1578 832 1764 889 eadem
1793 833 1822 888 ὃ
1844 832 1963 889 Deo

256 910 484 967 revelata
519 910 671 967 fuisse
709 927 724 968 ε
764 910 1006 968 Revelata
1045 915 1107 972 δε
1142 912 1233 968 ista
1264 911 1293 967 ἓ
1324 911 1445 968 Deo
1477 907 1627 967 fuifse
1659 907 1783 964 inde
1816 904 1964 963 facile

255 987 617 1050 consentiunt,
650 986 802 1061 quod
831 985 938 1062 ipsa
963 985 1156 1043 Christi
1193 985 1420 1061 Religio,
1442 1003 1564 1061 quae
1597 984 1710 1040 haec
1742 983 1965 1058 dogma-

256 1076 308 1119 ta
341 1062 608 1118 credenda
638 1062 795 1119 docet
833 1081 892 1120 ac
928 1065 1212 1137 proponit,
1244 1061 1521 1123 evidenter
1548 1058 1814 1119 credibilis
1848 1075 1964 1116 tan·

253 1154 420 1212 quarn
452 1137 481 1194 ἢ
514 1138 633 1195 Deo
669 1138 896 1196 revelata
938 1137 1306 1212 cognoscatur.

254 1594 499 1732 Nec
530 1616 936 1765 Religio
960 1615 1560 1736 Christiana
1598 1619 1708 1727 in
1742 1646 1963 1727 tan-

257 1791 345 1859 ta
393 1769 820 1858 Sectarum
865 1772 1080 1857 inter
1136 1765 1640 1858 Christianos
1707 1766 1964 1855 diver-

507 1886 687 1960 fitate
732 1887 909 1961 ideas
948 1889 1100 1960 fidei
1142 1887 1372 1959 liberas
1411 1885 1714 1958 admittit.

674 2063 1532 2160 SUMMARIA.

259 2234 298 2291 Ι.
448 2234 615 2378 [Ἐβῃὲ
647 2238 943 2309 periculofies
978 2239 1043 2309 est
1077 2237 1359 2310 Christianis
1391 2234 1523 2296 circei
1559 2236 1786 2309 diverstzs
1824 2238 1961 2294 Chri-

550 2329 675 2366 tanae
707 2314 970 2387 Religionis
997 2317 1163 2374 Seflas
1193 2334 1352 2373 error.

268 2396 342 2456 11:
462 2397 603 2456 Inter
639 2399 936 2472 Christianus
966 2408 1110 2462 etiam
1143 2407 1289 2462 unica
1313 2402 1459 2477 potes}
1493 2403 1578 2476 effi?
1607 2420 1737 2459 vera
1769 2403 1966 2476 Religio,

257 2488 346 2547 111.
455 2488 766 2557 &ncretismi
806 2493 989 2565 causae,
1015 2495 1083 2568 &j
1113 2492 1226 2550 inde
1259 2489 1659 2563 &ncretistarum
1691 2492 1958 2551 multitudo.

1798 2579 1887 2638 IV.
