2144 2852
750 164 929 261 aas*
971 181 1002 256 >
1038 199 1081 241 0
1114 181 1143 258 <
1183 177 1359 260 «θεῷ
1805 171 1923 253 2‘37

202 310 471 389 ejusmodi
503 310 626 372 mali
653 311 832 373 saltem
866 315 922 372 in
959 312 1139 372 officio
1175 314 1435 372 contineri
1470 294 1690 386 possent.
1777 311 1919 385 QJae

202 393 474 448 rationum
514 390 796 464 specialitas
832 391 1116 465 Systemati
1155 407 1348 447 eorum
1386 390 1696 462 Regnorum
1733 385 1917 445 Politi-

203 479 272 523 co
301 467 519 539 propria
557 465 877 538 permovisse
922 467 1086 540 Reges
1122 465 1337 523 videtur
1367 503 1387 531 ‚
1437 481 1498 522 ut
1537 464 1768 520 severius
1811 463 1915 520 hoc

203 541 773 615 Tribunal‚tanquam
802 540 1028 614 publicae
1053 541 1359 614 Regnorum
1390 541 1639 617 quieti&
1665 538 1922 615 tranquil·

201 615 331 675 litati
358 615 602 692 apprime
632 619 988 683 conveniens,
1011 617 1116 676 suis
1150 616 1391 692 Legibus
1420 615 1750 691 adoptarent.

213 806 221 811 -
330 766 506 825 XXX.
558 765 817 825 Praeterea
855 769 1044 826 mortis
1079 783 1236 842 poena
1280 766 1374 826 ubi
1425 763 1711 842 infligitur,
1747 763 1918 842 Reges

201 841 278 902 illi
310 859 565 918 tanquam
599 843 838 919 gladium
876 845 1145 976 'gestantes
1177 846 1233 902 in
1276 842 1570 902 vindictam
1611 840 1918 927 malorum,

200 920 340 996 Jure
376 919 524 976 mere
571 920 738 993 Regio
774 925 837 981 &
901 936 1129 995 upremo
1164 919 1398 995 Imperio
1433 918 1524 975 fibi
1561 919 1786 992 proprio
1808 933 1920 978 uti,

199 1012 314 1053 non
347 994 415 1052 ita
454 995 800 1070 protectionis
836 1001 897 1057 &
931 995 1239 1054 Advocatiae
1278 992 1519 1053 Ecclefiae
1552 1009 1782 1050 munere
1820 989 1914 1047 de-

200 1068 455 1143 defungi‚
484 1069 728 1128 censendi
753 1073 980 1129 veniunt
1006 1088 1021 1142 3
1060 1069 1322 1145 siquidem
1346 1070 1463 1127 Lex
1501 1067 1646 1127 nulla
1676 1065 1916 1125 Ecclefiae

199 1162 570 1283 2²²2&ssssss
597 1143 1915 1298 §²353053fel‘¹²{:253⁰32¹g23¹¹laniatae&

197 1296 564 1359 Protectores,
599 1296 806 1354 infimul
847 1297 948 1355 sint
984 1314 1310 1356 executores.
1381 1295 1451 1354 Et
1484 1295 1609 1352 inde
1631 1295 1735 1358 est,
1760 1290 1915 1371 quod

195 1371 357 1447 Regia
392 1370 634 1448 undique
670 1372 977 1431 AuEtoritas
1009 1367 1192 1431 multis
1238 1390 1304 1431 ex
1342 1374 1670 1448 argumentis
1718 1369 1818 1427 illis
1855 1371 1913 1429 in

192 1447 584 1505 Tribunalibus
637 1450 989 1522 praeemineat.
1120 1448 1205 1505 De
1243 1447 1496 1522 Hispania
1552 1448 1696 1503 enim
1731 1446 1787 1502 id
1832 1460 1912 1500 te-

194 1523 359 1581 statur
402 1522 618 1579 Doclissl
657 1523 862 1596 Fleury
899 1522 1111 1594 Institut.
1139 1523 1279 1653 ἔην.
1330 1520 1592 1592 Ecclefiast.
1630 1520 1773 1578 Part.
1810 1518 1914 1575 III.

199 1602 315 1669 Cap.
345 1596 451 1653 IX.
480 1599 533 1669 §.
560 1612 610 1668 3.
684 1635 715 1658 2.
735 1597 949 1655 Interim
986 1599 1135 1654 Ponti
1175 1600 1221 1654 ci
1258 1596 1387 1654 nihil
1420 1597 1570 1671 Juris
1602 1598 1656 1652 in
1691 1592 1910 1671 lnquifi·
1941 1603 1944 1608 ’

194 1676 431 1739 „tionem
493 1670 836 1746 Hispanicam
863 1709 882 1734 ,
930 1689 1125 1745 praeter
1165 1670 1289 1728 uam
1344 1671 1496 1747 quod
1534 1670 1912 1746 Inquisitoremv

191 1746 554 1815 „Generalem
580 1786 595 1809 ,
643 1764 807 1819 quem
857 1747 962 1802 Rex
1013 1763 1118 1804 cun
1182 1746 1219 1804 's
1260 1747 1549 1804 Provinciis
1587 1763 1908 1821 praeponen-

191 1824 368 1891 „dum
401 1825 667 1885 nominat,
707 1820 1025 1879 confirmare
1060 1820 1229 1886 solet,
1264 1825 1357 1896 qui
1394 1821 1615 1878 viciffim
1662 1837 1731 1879 ex
1764 1839 1910 1881 nutu

194 1899 402 1973 „Regis
441 1901 682 1955 nominat
716 1896 1041 1970 lingularum
1098 1897 1502 1955 Provinciarum
1551 1897 1906 1971 lnquifitores.

158 2013 162 2016 -
192 1974 347 2051 „lpse
376 1974 451 2030 est
482 1972 695 2031 Consilii
735 1972 1048 2046 Inquifitorii
1089 1972 1280 2034 Praeses
1328 1990 1478 2030 natus
1508 2010 1527 2035 ‚
1562 1972 1907 2047 absolutaque

266 2049 482 2107 raeditus
512 2049 792 2122 potestate,
824 2046 1143 2122 semperque
1171 2047 1199 2105 ὃ
1231 2049 1425 2105 Latere
1457 2049 1625 2123 Regis.
1713 2047 1916 2106 Confi-²

191 2164 225 2197 ‚‚
246 2128 358 2184 ium
393 2124 524 2182 illud
558 2124 737 2197 Leges
772 2123 1171 2197 Inquilitoribus
1202 2123 1521 2199 praescribit,
1563 2140 1754 2181 eorum
1787 2123 1904 2181 lites

188 2199 458 2268 „decidit,
489 2216 699 2273 peccata
734 2201 912 2273 punit,
935 2199 1197 2256 ministros
1235 2197 1512 2256 inferiores
1546 2199 1791 2272 castigat,
1811 2217 1903 2273 ap·

187 2275 529 2351 „pellationes
568 2275 782 2349 recipit,
813 2290 912 2333 nec
941 2273 1033 2330 nifi
1065 2275 1264 2349 Regem
1296 2274 1530 2348 agnoscit
1553 2274 1903 2347 superiorem

186 2356 286 2418 ,δε
322 2366 389 2406 ex
425 2366 492 2405 eo
530 2348 769 2422 pendent
801 2366 1009 2407 coeterae
1057 2367 1244 2408 omnes
1282 2352 1337 2406 in
1386 2352 1592 2407 coeteris
1632 2349 1903 2424 Hispaniae

185 2427 406 2492 „terris‚
438 2422 548 2480 imo
582 2423 726 2498 apud
773 2424 955 2487 Indos,
991 2424 1096 2482 hoc
1127 2426 1202 2483 est
1215 2461 1231 2489 ,
1270 2427 1322 2482 in
1366 2425 1547 2483 Infulis
1581 2423 1900 2499 Philippinis

174 2504 286 2571 ,ἃ
305 2501 361 2559 in
384 2500 646 2562 Americae
680 2502 969 2561 continenti
981 2499 1232 2635 gabffitae
1263 2500 1643 2579 Inquifitiones·
1660 2534 1692 2564 a»
1717 2576 1727 2588 .
1764 2500 1899 2575 Q&

1056 2591 1097 2651 g
1134 2591 1168 2652 3
1658 2592 1818 2638 etlam
