2144 2852
0 382 33 436 μ

756 159 1380 255 ἣῷμωὲᾱιᾷι.
1844 178 1941 249 49.

214 293 572 363 strumentum
595 330 612 359 ‚
642 294 873 371 produci
904 293 1143 371 possunt,
1175 293 1205 352 a
1235 314 1349 371 quo
1378 293 1508 353 sicut
1537 293 1715 369 Leges
1747 292 1922 355 Natu-

214 388 291 437 tae
328 372 560 443 stabilitae
594 370 739 435 sunt,
772 371 841 428 ita
875 376 937 433 δε
969 369 1175 427 summa
1206 370 1306 428 hac
1352 369 1557 428 tantum
1605 369 1923 431 authoritate

211 446 465 520 supremo
493 447 808 522 Legislatori
834 463 1172 522 competente
1207 446 1334 504 solvi
1360 446 1604 508 subinde,
1626 452 1687 507 &
1723 448 1920 506 relaxa-

211 525 257 577 ri
285 539 579 596 potuerunt
616 540 631 582 :
705 523 773 580 Et
807 523 844 579 fi
876 526 932 579 in
959 520 1421 580 confirmationem
1466 521 1724 579 doctrinae
1761 523 1920 590 fiant,

212 595 331 660 haec
363 615 461 671 per
507 599 593 656 illa
629 597 910 655 neceflario
949 596 1244 656 ostenditur
1291 598 1322 655 a
1368 599 1562 655 Divina
1601 599 1920 657 authoritate

214 671 537 730 descendere
562 713 582 739 ‚
631 692 754 749 quae
793 691 894 731 nec
922 671 1060 736 falli,
1100 691 1201 731 nec
1241 667 1448 737 fallere]
1481 691 1580 730 nec
1610 671 1736 730 falso
1770 674 1919 746 suam

211 747 622 822 authoritatem,
647 749 796 807 velut
825 748 972 807 eausa
1000 748 1524 825 principalis,potuit
1563 750 1843 824 impertiri.

356 898 451 956 IX.
503 899 604 957 Ast
633 899 877 976 probatio
910 901 1067 959 etiam
1101 898 1484 958 miraculorum
1515 897 1791 957 neceflaria
1812 899 1920 966 est,

212 989 276 1034 ut
307 972 439 1033 fides
473 976 790 1033 rationabilis
822 976 911 1040 fit,
935 995 995 1033 ac
1026 973 1235 1032 differat
1269 976 1299 1032 a
1340 993 1480 1033 coeca
1513 976 1822 1038 credulitate
1855 981 1919 1039 &

211 1054 489 1109 temeraria
523 1052 734 1109 levitate
758 1091 774 1116 ,
854 1071 935 1110 uae
975 1049 1329 1126 superstitiose
1358 1069 1522 1108 omne
1560 1051 1615 1107 id
1646 1051 1920 1127 amplecti-

211 1142 335 1187 tur,
362 1126 514 1201 quod
539 1127 688 1185 velut
710 1145 811 1202 pro
853 1127 1078 1201 igiosum
1110 1129 1452 1201 proponitur.
1527 1129 1711 1202 Atque
1729 1129 1920 1188 eadem

210 1200 407 1259 Divina
443 1202 647 1260 bonitas
670 1241 688 1268 ‚
763 1203 830 1260 ua
868 1205 1018 1260 Deus
1050 1219 1131 1259 tot
1169 1200 1420 1278 tantaque
1459 1203 1708 1259 miracula
1744 1220 1918 1276 patra-

212 1279 317 1339 vit,
342 1294 404 1334 ut
439 1280 628 1335 nostrae
653 1279 702 1336 se
760 1279 998 1354 ragilitati
1034 1277 1490 1335 accommodando
1514 1296 1609 1334 nos
1632 1277 1699 1335 ad
1729 1279 1778 1334 se
1800 1295 1922 1352 per-

212 1351 449 1409 traheret
468 1393 483 1416 ,
512 1354 595 1410 illa
631 1372 854 1430 quoque
882 1358 940 1412 in
967 1358 1195 1412 maxima
1219 1353 1411 1411 mundi
1445 1354 1564 1411 luce
1593 1353 1702 1410 fieri
1729 1355 1921 1420 voluit,

213 1429 276 1484 iis
309 1428 561 1485 nimirum
592 1431 956 1505 temporibus,
988 1429 1160 1505 iisque
1193 1430 1348 1494 loeiS‚
1378 1448 1501 1504 quae
1529 1429 1607 1501 ad·
1629 1427 1920 1485 affecuran-

211 1501 336 1558 dam
374 1522 563 1560 eorum
600 1506 975 1563 certitudinem
1004 1543 1023 1569 ‚
1071 1505 1138 1561 ad
1175 1505 1494 1561 dilatandam
1545 1505 1817 1566 notitiam,
1851 1502 1920 1560 ad

210 1576 521 1636 servandam
573 1599 765 1638 eorum
825 1583 1141 1638 memoriam
1200 1578 1646 1653 opportuniffima
1691 1576 1920 1635 fuerant.

211 1651 382 1728 JEsus
420 1655 661 1711 Christus
697 1660 843 1711 venit
882 1656 978 1711 sub
1017 1672 1259 1728 tempora
1302 1653 1561 1727 Augusti,
1595 1652 1785 1709 saeculo
1823 1654 1941 1713 Ro·¹

211 1730 354 1786 mani
389 1729 603 1803 Imperii
640 1729 865 1786 maxime
913 1728 1128 1785 erudito
1155 1767 1171 1790 ‚
1229 1739 1384 1785 natus
1420 1730 1473 1785 in
1508 1727 1701 1803 Judaea
1738 1729 1922 1787 secun-

211 1802 348 1860 dum
381 1804 686 1878 Prophetias
726 1803 1027 1862 dostrinam
1062 1803 1206 1860 suam
1247 1802 1446 1860 ibidem
1485 1802 1819 1877 divulgavit,
1857 1810 1921 1867 &

210 1881 464 1936 miracula
497 1880 584 1938 sua
621 1879 742 1952 ipsis
774 1885 933 1936 etiam
967 1879 1207 1936 hostibus
1243 1877 1344 1935 suis
1379 1875 1727 1935 infensiffimis
1763 1878 1922 1938 indu-

211 1953 371 2011 bitata
405 1960 467 2015 &
502 1954 813 2030 innegabilia
848 1957 1075 2031 patravit
1110 1953 1500 2028 Hierosolymis
1532 1957 1585 2010 in
1629 1954 1779 2012 Urbe
1814 1955 1920 2029 Ju-

213 2028 341 2086 daeae
376 2030 616 2105 Principe
646 2068 665 2095 ‚
714 2049 836 2106 quae
873 2028 1221 2106 postmodum
1260 2030 1500 2104 Apostoli
1539 2047 1730 2086 eorum
1767 2032 1920 2088 testes

211 2105 407 2161 oculati
440 2107 635 2163 eodem
666 2106 846 2164 adhuc
883 2125 1031 2169 aevo,
1063 2105 1247 2162 iisdem
1283 2108 1336 2161 in
1373 2105 1524 2168 locis,
1556 2105 1647 2159 ubi
1680 2106 1821 2176 gesta
1861 2106 1920 2162 il-

213 2179 264 2235 la
298 2180 398 2236 esse
429 2180 699 2245 referunt,
736 2188 798 2242 &
829 2182 922 2239 ubi
959 2199 1142 2238 recens
1175 2198 1367 2238 eorum
1402 2179 1502 2236 effe
1541 2181 1797 2235 memoria
1824 2198 1922 2251 po-

213 2269 384 2317 terat,
418 2273 525 2311 tam
555 2256 792 2329 Judaeis,
818 2256 980 2331 quam
1015 2257 1318 2313 Gentilibus
1356 2258 1408 2311 in
1439 2254 1613 2309 lucem
1650 2254 1918 2327 publicam

220 2329 679 2403 dederunt‚ipsos
717 2349 938 2406 quoque
965 2332 1128 2388 veluti
1166 2333 1318 2388 testes
1357 2345 1706 2404 provocantes
1744 2345 1758 2397 3
1798 2347 1920 2403 quae

215 2404 503 2479 propterea
537 2422 634 2461 nec
664 2405 843 2480 Judaei
878 2405 1238 2464 diffitebantur
1261 2407 1387 2462 teste
1410 2403 1645 2460 Tertull.
1671 2401 1787 2460 Lt'b.
1807 2422 1921 2462 con-

216 2492 304 2537 tra
336 2478 558 2557 Judaeos.
585 2493 688 2557 cap.
711 2503 757 2545 9.
793 2486 854 2545 &
880 2482 1096 2542 Romani
1092 2484 1182 2614 ἐπὶ
1216 2480 1460 2558 publicos
1487 2477 1622 2537 adeo
1643 2496 1921 2567 commen..

651 2576 655 2579 ”
1685 2570 1845 2617 tanos
