2144 2852
246 245 327 323 9⁶
791 229 1399 340 &infimam

242 376 443 453 gelium
476 365 832 438 venerentur,
869 368 926 432 in
965 374 1213 433 dot-hina
1260 374 1440 435 'tamen
1481 373 1619 440 illius
1647 372 1958 452 ‘explicanda

237 452 475 528 'maxima
518 455 655 528 inter
703 451 756 508 se
810 454 1057 509 varietate
1090 470 1150 509 ac
1183 452 1490 511 distensione
1519 452 1849 528 discrepant,
1892 457 1958 516 δι

246 527 398 604 ς”υοά
435 546 539 586 una
574 529 828 585 divinitus
863 528 1159 584 revelatum
1192 528 1360 586 afferit
1388 556 1409 592 3
1442 527 1692 602 tenetque
1728 530 1958 602 pertina-

242 606 550 667 citer‚·-aliae
582 604 730 661 velut
760 620 1131 661 commentum
1168 604 1411 678 rejiciunt
1435 641 1454 665 ‚
1491 621 1651 679 atque
1701 605 1958 677 condem-

243 698 387 740 nant.
472 679 630 752 Unde
666 679 703 735 si
745 679 773 735 ὃ
808 680 930 754 Deo
963 677 1259 754 profectam
1295 679 1398 737 sese
1430 680 1629 755 Religio
1663 679 1954 738 Christiana

241 756 536 829 conspicuis
573 761 634 816 &
664 755 976 825 ⁴indubitatis
1024 755 1247 812 omnino
1287 755 1443 830 (ignis
1473 756 1711 812 ostendat
1740 793 1757 818 ,
1805 756 1956 813 Deus

240 848 429 890 autem·
481 833 691 889 unitatis
738 835 800 892 ὅ(
853 834 992 904 pacis
1027 831 1278 888 discordia
1317 835 1379 893 &
1423 835 1681 888 contraria
1717 832 1955 888 revelare

239 924 354 971 non
394 913 668 982 potuerit3
708 906 854 963 sicuti
882 907 993 963 fieri
1030 924 1140 963 non
1174 908 1373 983 potest,
1398 924 1457 963 ut
1486 924 1674 963 omnes
1702 907 1807 962 istae
1837 907 1954 979 opi,-

239 987 429 1042 niones
471 983 567 1039 fint
599 980 770 1045 faliza
805 982 874 1039 ita
907 999 1114 1040 certum
1149 983 1250 1045 est,
1271 983 1471 1038 nonnisi
1507 984 1664 1038 unius'
1698 982 1950 1054 dogmata

238 1060 341 1117 effe
375 1057 523 1132 posse⁷
560 1076 690 1128 yera
746 1062 806 1118 &
843 1059 1071 1133 revelata
1095 1095 1110 1119 ,
1145 1056 1174 1113 ὃ
1212 1075 1318 1133 qua
1361 1076 1466 1114 una
1515 1057 1760 1132 aberrare
1793 1054 1948 1131 aeque

235 1133 599 1211 periculosum
653 1131 789 1195 effe}
836 1131 1076 1206 superius
1114 1131 1329 1192 ‘ditium
1369 1125 1496 1195 fuit,
1533 1130 1698 1209 quam
1745 1132 1948 1189 nullam

234 1228 304 1272 ex
334 1210 641 1266 Christianis
679 1208 974 1266 admittere.
1338 1245 1343 1250 -

365 1356 437 1429 ΙΙ.
479 1355 631 1415 Recta
665 1358 831 1432 igitur
865 1359 998 1431 ratio
1032 1358 1199 1415 cuivis
1232 1355 1425 1420 distat,
1454 1359 1593 1414 viam
1632 1361 1691 1418 &
1728 1355 1815 1413 hie
1851 1355 1942 1434 ali-

229 1448 397 1563 guam
435 1432 682 1507 planam,
715 1451 950 1497 certam,
998 1450 1204 1495 tutam,
1239 1438 1299 1493 δι
1336 1435 1532 1489 nemini
1573 1435 1799 1489 veritatis
1833 1433 1945 1490 stu·

274 1507 380 1564 ioso
415 1509 717 1565 inaccessam
749 1527 840 1566 aut
878 1513 1202 1583 incognitam
1239 1508 1340 1565 esse
1374 1508 1570 1565 debere
1596 1547 1610 1570 ,
1645 1507 1753 1581 qua
1786 1525 1945 1563 reve-

227 1581 330 1639 lata
362 1584 416 1639 in
451 1583 747 1641 Christiana
791 1586 1057 1659 Religione
1089 1583 1341 1641 divinitus
1378 1584 1629 1658 dogmata
1660 1583 1688 1638 a
1724 1581 1857 1638 falsis
1878 1587 1943 1644 ὃς

225 1675 339 1716 non
373 1659 612 1715 revelatis
658 1660 1063 1734 dignoscantur,
1097 1677 1257 1734 atque
1293 1659 1362 1716 ita
1400 1658 1570 1716 solum
1613 1659 1678 1715 ad
1719 1658 1845 1715 lucis
1877 1662 1946 1720 &-

224 1738 460 1790 veritatis
499 1734 702 1790 Divinae
738 1739 1047 1809 regionem,
1081 1752 1188 1791 non
1225 1734 1356 1792 vero
1387 1734 1454 1792 ad
1493 1734 1828 1792 tenebrarum
1873 1737 1943 1795 &-

226 1812 423 1866 erroris
459 1808 659 1866 deser'ta
699 1816 758 1870 ὃ(
799 1815 935 1867 invia
969 1829 1157 1868 omnes
1191 1809 1468 1874 homines,
1505 1811 1699 1885 quibus
1747 1807 1941 1870 scilicet-

226 1901 406 1958 parata
439 1885 637 1959 prostat
672 1902 798 1941 vera
832 1887 1031 1944 Christi
1063 1888 1295 1961 Religio,
1315 1885 1494 1944 secure
1523 1891 1585 1948 &
1615 1887 1815 1959 absque
1837 1899 1944 1959 pe·-

223 1962 396 2017 rieulo
429 1962 760 2035 perveniant.

381 2109 469 2166 ΠΙ.
509 2109 662 2167 Viam
701 2108 836 2167 hanc
869 2106 1080 2166 Sacram
1111 2108 1438 2180 scripturam
1472 2124 1582 2163 non
1615 2104 1751 2162 vane
1779 2123 1932 2180 pror·

223 2182 307 2241 sus
340 2189 627 2247 existimes,
656 2203 844 2262 utpote
876 2202 1038 2271 quam
1073 2200 1260 2239 omnes
1292 2182 1573 2256 Religionis
1616 2182 1927 2240 Christianae

221 2261 389 2317 Seciae
439 2263 728 2318 admittunt
750 2301 766 2325 ‚
824 2278 976 2336 cujus
1016 2275 1209 2315 tantam
1245 2255 1695 2332 profunditatem,
1726 2259 1930 2332 sapien-

221 2340 346 2391 tiam
400 2343 459 2397 &
499 2334 883 2410 perfectionem
934 2351 1259 2391 venerantur
1289 2374 1303 2397 ‚
1350 2351 1409 2390 ut
1447 2333 1589 2390 nulla
1639 2333 1932 2390 hominum.

219 2410 405 2484 scripta
441 2412 509 2467 illi
541 2415 738 2486 aequari
777 2410 967 2487 poffint
999 2427 1087 2465 aut
1120 2409 1373 2472 debeant,
1404 2406 1492 2466 sed
1527 2406 1702 2482 potius
1725 2412 1776 2465 in
1807 2408 1924 2482 ejus

219 2492 611 2560 comparatione
654 2486 877 2546 dicenda
909 2485 1007 2542 fint
1046 2482 1183 2541 faces
1211 2485 1482 2546 extinctae,
1514 2484 1603 2540 nisi
1639 2484 1814 2540 lucem
1849 2485 1930 2542 ab·

215 2560 317 2620 hac
348 2580 683 2622 mutuentur.
756 2566 1025 2624 Mirantur
1052 2561 1195 2618 illam
1229 2566 1526 2619 maximum
1556 2561 1783 2616 Rationis
1814 2553 1922 2616 hu·-

1671 2650 1840 2692 manae
