2144 2852
680 179 1334 267 ’ᾣῦὲωοωὲο-ίξῠ
1872 208 1951 268 47

246 320 308 378 itt
332 318 523 377 secreta
546 313 792 374 cordium
806 316 1136 379 ,&asstiones
1151 320 1276 378 inde
1293 335 1595 378 emanantes
1617 319 1839 396 propria
1862 323 1946 380 sae·

244 397 317 471 pe
358 395 691 452 inclinatione
724 392 1018 450 relustante
1053 410 1070 467 3
1125 397 1212 453 vel
1250 415 1339 460 ea,
1375 414 1498 472 quae
1530 414 1596 454 ex
1630 399 1806 454 liberis
1844 399 1946 457 Dei

242 473 468 530 decretis
502 467 768 543 pendent,
801 468 1175 544 exceduntque
1208 490 1390 529 rerum
1439 472 1760 530 naturalium
1799 474 1948 531 ordi-

243 564 373 604 nem
423 563 482 603 ac
519 543 910 618 dispositionem
933 581 950 607 ‚
990 544 1104 602 haec
1137 549 1280 604 enim
1315 547 1455 605 solus
1491 548 1576 604 ille
1614 550 1851 623 praescire
1887 554 1950 612 δε

241 622 602 698 praenuntiare
635 619 832 694 potest,
860 621 954 694 qui
990 618 1127 677 solus
1158 639 1357 680 naturae
1398 622 1582 681 austor
1613 629 1675 685 &
1709 624 1952 681 modera-

244 713 331 755 tor
362 716 422 754 ea
455 696 523 752 ab
558 712 758 751 aeterno
799 694 1066 757 decrevit,
1100 713 1160 753 ac
1201 701 1256 754 in
1295 715 1540 771 tempore
1580 697 1819 774 perficit:
1858 718 1953 758 cu-

240 772 474 848 jusmodi
510 769 699 828 revera
746 768 862 827 sunt
909 770 1218 830 Christianae
1268 773 1546 847 Religionis
1595 773 1847 848 dogmata
1882 793 1949 832 ex

240 848 464 906 naturali
522 845 799 903 causarum
861 862 1157 903 creatarum
1217 847 1552 922 dispofitione
1607 866 1948 925 nequaquam

238 923 550 999 pendentia,
576 921 606 977 a
630 920 873 996 pluribus
902 937 1080 977 tamen
1104 921 1384 996 Prophetis
1407 939 1512 980 tam
1539 922 1945 987 dilucide,tam-

240 1017 351 1074 que
391 997 689 1055 luculenter
711 995 1008 1084 ’praedistffi
1044 1012 1105 1054 ut
1154 1016 1262 1056 non
1298 1001 1536 1057 vaticinia
1562 1036 1583 1064 ,
1631 998 1723 1057 sed
1756 1017 1944 1059 rerum

239 1075 507 1149 gestarum
542 1073 767 1131 historiae
805 1071 1102 1130 videantur.

366 1224 458 1282 VI.
498 1223 578 1280 Ex
611 1222 694 1281 his
730 1224 909 1299 itaque
958 1224 1149 1282 DIvina
1181 1225 1462 1300 Religionis
1499 1225 1805 1284 Christianae
1839 1225 1943 1281 ori„

238 1317 314 1375 go
347 1298 626 1358 certiffime
654 1300 853 1356 constat
880 1339 895 1362 ‚
937 1298 1064 1358 cum
1089 1278 1312 1375 {Esum
1343 1301 1618 1359 Christum
1651 1298 1848 1358 venisse
1887 1301 1944 1357 in

236 1375 508 1433 mundum
534 1374 796 1438 ‚infideles
824 1375 919 1448 ipsi
954 1377 1240 1441 testentur,
1263 1378 1415 1451 cujus
1438 1377 1738 1435 doctrinam
1765 1380 1827 1436 &
1855 1390 1942 1430 res

239 1452 406 1524 gestas
441 1450 469 1507 ἓι
503 1450 769 1524 discipulis
816 1450 930 1527 ejus
977 1451 1128 1509 velut
1166 1453 1383 1510 testibus
1423 1453 1723 1509 ocularibus
1767 1453 1820 1506 in
1854 1449 1940 1505 lu-

238 1543 360 1582 cem
396 1525 664 1600 publicam
695 1543 761 1582 eo
788 1525 900 1600 ipso
934 1544 1180 1601 tempore
1216 1528 1360 1584 datas
1394 1527 1639 1583 manibus
1691 1526 1940 1596 terimus;

237 1600 405 1657 Hunc
438 1599 613 1673 ipsum
662 1600 835 1674 longis
863 1601 984 1658 ante
1015 1601 1211 1658 saeculis
1246 1601 1276 1658 a
1306 1601 1586 1676 Prophetis
1622 1598 1941 1673 praedifikum

236 1672 415 1738 fuisse,
447 1692 514 1731 ex
544 1674 690 1731 libris
719 1676 1019 1731 eorundem
1044 1676 1370 1732 ostendimus
1393 1715 1408 1738 ‚
1427 1692 1667 1750 quorum
1692 1678 1753 1734 &
1774 1673 1939 1736 diem,

237 1755 300 1811 &
323 1749 576 1807 authores
605 1751 857 1805 novimus
889 1749 1222 1807 ascendendo
1257 1750 1423 1826 usque
1461 1749 1526 1807 ad
1560 1748 1815 1824 Moysen,
1843 1766 1940 1805 cu-

237 1825 322 1900 jus
354 1825 472 1882 libri
506 1824 841 1900 antiquissimi
877 1825 998 1881 sunt
1027 1843 1218 1883 eorum
1239 1864 1258 1889 ‚
1291 1828 1386 1902 qui
1420 1828 1473 1882 in
1503 1825 1712 1882 mundo
1746 1840 1939 1897 extant3

236 1918 377 1977 quos
408 1899 624 1975 insuper
656 1915 764 1956 non
797 1916 864 1956 ex
895 1899 1088 1958 scriniis
1129 1901 1317 1959 nostris
1346 1898 1670 1977 proferimus
1689 1938 1708 1964 ,
1744 1899 1834 1957 sed
1872 1916 1939 1957 ex

233 1976 658 2034 adversariorum
690 1975 995 2032 nostrorum
1020 1976 1278 2036 manibus.
1352 1977 1491 2042 „Per
1521 1993 1708 2033 omnes
1736 1992 1940 2050 gentes,

236 2055 360 2116 „ait
389 2054 439 2109 S.
463 2048 765 2124 Augustinus
784 2088 802 2114 ‚
830 2052 883 2107 in
914 2051 1041 2124 Psal.
1068 2070 1147 2111 ss.
1182 2057 1319 2111 Cone.
1340 2074 1412 2115 1.,
1450 2050 1663 2125 disperii
1691 2049 1809 2107 sunt
1831 2051 1870 2125 J
1876 2067 1939 2107 u-

236 2127 391 2191 ,‚daei
427 2128 579 2184 testes
601 2128 884 2201 iniquitatis
918 2126 1020 2183 suae
1053 2132 1114 2189 &
1148 2132 1378 2186 veritatis
1403 2128 1591 2183 nostrae
1616 2143 1630 2183 ε
1652 2125 1688 2181 si
1717 2124 1936 2200 quando

236 2238 274 2266 ,‚
292 2202 477 2276 aliquis
507 2202 745 2274 Paganus
779 2201 1124 2267 dubitaverit,
1156 2203 1283 2262 cum
1312 2206 1358 2261 ei
1391 2202 1679 2257 dixerimus
1703 2199 1936 2274 prophe-

232 2313 274 2341 „
298 2279 387 2334 tias
417 2275 485 2332 de
515 2275 758 2337 Christo,
785 2294 1014 2349 quarum
1038 2280 1357 2336 evidentiam
1390 2275 1729 2349 obstupescit,
1753 2280 1814 2335 &
1844 2274 1938 2330 ad-

236 2389 276 2417 „
298 2353 493 2409 mirans
517 2352 782 2424 putaverit
811 2350 840 2406 ἓι
872 2352 1023 2408 nobis
1056 2354 1158 2412 esse
1189 2354 1529 2425 conscriptas,
1560 2350 1628 2406 de
1663 2349 1935 2406 codicibus

236 2464 275 2491 ‚‚
292 2425 616 2502 Judaeorum
649 2425 967 2499 probamus,
989 2432 1112 2503 quia
1146 2431 1251 2488 hoc
1275 2444 1448 2486 totum
1474 2424 1593 2482 ante
1616 2424 1935 2499 praedifilum

236 2503 378 2567 ‚,est.
472 2499 690 2576 Videte,
729 2502 1191 2576 quemadmodum
1239 2505 1307 2564 de
1343 2503 1563 2561 inimicis
1591 2501 1777 2559 nostris
1809 2499 1936 2558 alios

232 2574 667 2644 „confundimus
698 2578 955 2636 inimicos.
1745 2649 1846 2711 VH
