2144 2852
230 263 364 327 4⁶¹-
783 243 961 325 §20024’
999 246 1032 321 )
1071 263 1110 304 0
1144 243 1174 318 (
1214 243 1394 325 εξωὲῡ

222 395 359 438 «ειηκ
408 375 692 452 Religionis
737 381 1015 436 veritatem
1042 375 1084 453 a
1110 393 1234 435 ¹non
1279 376 1693 435 Christianarum
1733 375 1948 438 faifltate

212 491 216 495 -
247 455 547 529 distinguat.
622 453 919 512 Extrinseca
958 453 1129 527 signa,
1153 453 1260 510 sive
1293 470 1605 527 argumenta
1639 455 1957 512 credibilite-

213 566 220 571 -
247 533 313 588 tis
347 534 409 590 δε
443 529 530 585 hic
566 529 755 603 praesto
792 529 911 586 sunt
938 568 955 593 ‚
1004 546 1126 603 quae
1160 546 1300 586 notae
1342 533 1402 589 &
1446 527 1774 588 charafi‘ceres
1807 548 1956 588 verae‘

246 603 490 662 Ecclefiae
528 604 806 667 dicuntur,
840 620 899 662 ut
936 604 1213 661 evidenter
1243 606 1631 679 comperiatur,
1669 623 1792 680 quae
1824 623 1952 664 vera

245 683 310 741 &
343 696 594 753 germana
630 680 691 736 fit
723 683 859 738 inter
896 697 976 737 tot
1009 679 1430 737 Christianorum
1465 679 1640 736 sectas
1678 681 1954 738 haereditas

218 758 308 816 -&
340 754 562 811 Ecclesia
594 755 806 814 Christi.
878 755 948 813 Et
984 754 1127 812 ficuti
1159 755 1368 830 cognita
1410 754 1691 812 Sanffitate
1713 760 1776 817 &
1807 756 1962 812 Divi-

247 832 413 888 nitate
463 829 741 905 Religionis
776 831 1086 888 Christianae
1135 829 1250 888 haec
1284 847 1387 886 una
1421 830 1718 904 prudenter
1746 830 1957 905 ample-

246 904 440 964 stenda
478 906 580 968 est,
621 924 827 964 coeterae
869 905 1135 981 ejurandae
1169 943 1188 969 ‚
1233 905 1398 980 idque
1438 905 1583 961 credi
1621 906 1960 980 prudentissi-

244 982 336 1039 me
373 982 571 1055 potest,
607 986 670 1043 ὃς
700 982 901 1040 neceffe
933 983 1008 1038 est
1042 981 1293 1043 credere,
1318 980 1468 1054 quod
1507 980 1572 1035 ab
1609 980 1715 1053 ipsa
1750 999 1959 1054 propo-

245 1059 425 1119 nitur,
459 1056 657 1113 etiamfi
691 1074 781 1114 aut
808 1055 1095 1113 intrinsecae
1130 1060 1356 1112 rationes
1386 1073 1494 1111 non
1529 1052 1844 1119 afferantur,
1864 1073 1958 1116 aut

213 1160 218 1173 ·-
244 1130 493 1205 superare
527 1149 744 1206 captum
781 1133 1029 1189 humanae
1080 1132 1304 1188 Rationis
1352 1130 1618 1188 credenda
1657 1130 1957 1206 deprehen-

245 1205 476 1277 dantur-3
516 1205 584 1262 ita
622 1207 714 1262 ubi
749 1223 815 1263 ex
854 1209 990 1263 notis
1029 1206 1124 1263 illis
1165 1207 1442 1263 evidenter
1491 1209 1694 1280 patuit,
1734 1225 1854 1281 quae
1894 1206 1958 1267 (it

243 1297 373 1336 vera
422 1279 616 1337 Christi
664 1280 886 1338 Ecclesia
919 1319 939 1345 ,
977 1284 1031 1338 in
1095 1281 1257 1355 hujus
1306 1282 1464 1338 unius
1504 1280 1958 1342 finum‚·coeteris

245 1354 670 1412 Christianorum
708 1353 842 1412 falsis
885 1355 1036 1413 seffis
1075 1356 1387 1430 repudiatis,
1431 1355 1727 1429 prudenter
1760 1354 1957 1413 confu-

214 1463 215 1466 =
244 1447 375 1503 gere
412 1429 691 1502 possumus
726 1449 784 1488 ac
825 1431 1115 1494 debemus,
1152 1436 1213 1491 &
1245 1447 1584 1506 quaecunque
1613 1431 1680 1486 ab
1713 1430 1818 1505 ipsa
1854 1449 1957 1489 tra-

245 1504 479 1567 duntur,
506 1522 627 1561 utut
651 1505 682 1561 fi
716 1506 1038 1581 quibusdam
1059 1506 1418 1562 diffidentibus
1449 1507 1503 1560 in
1535 1506 1950 1565 controversiam

245 1595 469 1641 vocata,
505 1580 797 1638 indubitate
845 1599 905 1639 ac
943 1579 1229 1638 firmiffime
1275 1581 1492 1637 credere
1515 1617 1533 1643 ‚
1571 1597 1633 1638 ut
1664 1580 1958 1639 diffidenti·-

243 1654 350 1711 bus
383 1653 602 1712 assentiri
637 1655 871 1713 liberum
895 1674 954 1714 ac
984 1658 1208 1729 impune
1233 1673 1339 1712 non
1374 1654 1607 1730 superfit.
1680 1655 1741 1712 ld
1780 1673 1958 1721 unum

245 1731 410 1805 igitur
446 1730 693 1787 humanae
746 1733 945 1789 Rationi
982 1730 1409 1804 investigandum
1460 1732 1641 1794 restat,
1704 1749 1952 1806 quaenam

245 1805 440 1862 icilicet
475 1804 535 1860 sit
568 1823 693 1862 vera
727 1806 841 1863 haec
877 1806 1070 1864 Christi
1109 1806 1333 1863 Ecclefia
1373 1807 1511 1862 inter
1551 1823 1631 1863 tot
1666 1804 1852 1870 falias',
1892 1813 1955 1868 δε

245 1879 347 1935 hac
387 1879 633 1953 cognita,
666 1880 744 1937 uti
778 1878 927 1937 facile
959 1899 1024 1938 ex
1052 1881 1219 1943 notis,
1256 1881 1362 1937 sive
1402 1881 1560 1955 signis
1602 1880 1704 1938 suis
1734 1881 1802 1938 ab
1851 1881 1954 1938 ho-

246 1955 395 2010 mine
434 1956 672 2029 ingenuo
708 1960 769 2017 &
803 1956 1036 2013 veritatis
1058 1971 1264 2012 amante
1297 1955 1543 2028 cognosci
1572 1957 1769 2028 potest,
1807 1953 1951 2011 diffi-

247 2028 347 2086 cile
380 2028 523 2086 haud
563 2031 695 2094 erit‚'
722 2047 822 2088 nec
853 2030 1190 2103 imprudens,
1224 2029 1473 2102 dogmata
1508 2047 1633 2086 vera
1672 2029 1700 2085 ἓ
1737 2029 1952 2088 Christo

247 2104 474 2162 revelata
509 2104 537 2161 fi
566 2103 700 2162 falsis
738 2104 1074 2180 dignoscere,
1110 2109 1172 2164 δε
1206 2103 1402 2179 absque
1437 2103 1676 2162 ulteriori
1711 2121 1954 2179 quocun-

232 2197 357 2256 que
392 2179 632 2238 examine
665 2179 931 2258 ampleffi.
