2144 2852
669 192 1274 277 «nug->ominus
1773 204 1888 272 189

180 344 186 347 ·
310 326 458 387 XVI.
491 326 685 403 Ingens
720 328 917 407 idcirco
949 348 1012 387 ea-
1045 329 1121 387 est
1156 329 1582 389 Christianorum
1614 343 1727 402 prae
1760 326 1888 384 Phi·-

182 404 417 479 losophis
447 404 747 462 Gentilibus
769 410 830 466 &
850 404 1054 479 Judaeis
1081 402 1297 463 felicitas
1311 442 1331 469 ‚
1352 402 1504 480 quod
1541 405 1756 460 rationis
1777 402 1890 459 Le-

179 481 370 555 gisque
417 496 627 536 aeternae
677 480 910 537 tantum·
936 481 1114 554 portio
1164 480 1258 537 illis
1293 481 1570 552 obtigerit,
1607 476 1888 552 plenitudo

179 556 498 614 Christianis,
573 555 719 611 Nam
747 555 819 611 illi
852 571 918 611 ex
950 555 1167 612 residuis
1201 557 1468 629 primaevae
1499 553 1890 610 illuminationis

176 630 445 705 reliquiis,
474 647 541 686 ex
575 630 762 687 innatis
794 631 1083 703 anticipatae
1109 632 1341 688 veritatis
1374 628 1689 690 seminibus,
1715 644 1778 683 ex
1806 644 1889 684 ra·-

179 707 334 762 tionis
366 705 469 762 suae
505 722 631 762 cum
674 704 880 762 summa
921 721 1223 778 aeternaque
1265 708 1468 762 ratione
1513 701 1721 759 residua
1754 720 1889 778 qua.-

178 779 305 837 dam
348 782 667 854 cognatione
701 782 753 836 in
788 796 984 836 aeterna
1032 782 1252 838 veritate
1301 779 1467 836 multa
1515 777 1776 834 veriffima
1821 781 1889 838 ὅ(

177 854 486 912 sanffiffima
519 853 889 929 inspexerunt,
920 859 984 915 &
1029 854 1091 911 ea
1128 871 1276 928 parte
1313 853 1592 911 Christiani
1626 851 1890 926 dogmatis

174 929 448 987 con-sortes
479 932 780 987 exciterunt.
889 931 967 987 At
1001 928 1134 986 vero
1174 929 1263 985 seu
1302 946 1502 985 naturae
1537 927 1890 1001 aegritudine,

170 1007 267 1062 seu
304 1003 550 1061 sensuum
591 1004 1001 1068 consuetudine,
1041 1003 1128 1060 seu
1162 1021 1414 1061 curarum
1454 1003 1608 1064 aestu‚
1641 1001 1730 1059 seu
1769 1003 1890 1057 viti.-

151 1097 337 1142 ,οι-ατη
369 1080 493 1136 tabo
512 1117 530 1142 ‚
567 1078 655 1136 seu
690 1081 929 1154 pueritiae
964 1078 1279 1154 praejudiciis
1309 1077 1625 1151 praegravati
1653 1073 1889 1132 fatiscere

176 1155 270 1217 visi
300 1152 420 1211 sunt
453 1156 508 1210 in
536 1154 789 1228 praeclaro
819 1171 1054 1226 conatu3
1093 1152 1154 1211 ut
1187 1170 1251 1211 ex
1285 1153 1440 1226 supra
1476 1150 1629 1208 diei-is
1660 1150 1888 1224 patescit.

170 1228 327 1302 Ergo
360 1229 455 1286 illis
488 1228 660 1286 illuxit
707 1229 851 1304 quasi
902 1229 1238 1286 antelucanus
1274 1226 1498 1303 quidam
1535 1227 1765 1282 veritatis
1794 1225 1889 1282 ad-

171 1307 435 1375 ventantis
468 1304 743 1377 splendor,
767 1304 854 1361 sed
891 1303 1056 1361 multa
1087 1304 1264 1360 adhuc
1289 1302 1461 1360 noctis
1494 1301 1715 1375 caligine
1748 1298 1890 1359 infu-

173 1378 359 1436 scatus.
430 1381 507 1437 At
542 1378 848 1437 Christianis
880 1378 955 1435 sol
995 1396 1141 1436 totus
1174 1377 1534 1452 adsplenduit,
1558 1393 1667 1433 tota
1697 1379 1889 1433 veritas

174 1457 374 1528 patuit,
401 1469 514 1511 tota
546 1453 630 1515 lex
661 1470 885 1518 aeterna,
918 1453 972 1510 id
1003 1455 1110 1517 est,
1141 1453 1383 1510 Christus
1404 1451 1453 1507 se
1477 1450 1708 1507 indulsit.
1762 1451 1888 1507 millis

173 1527 323 1603 quasi
353 1527 650 1600 praeludens
682 1528 1102 1602 praegustandam
1139 1527 1191 1582 se
1225 1526 1401 1582 obiter
1451 1525 1647 1597 objecit
1683 1524 1888 1598 sapien-

171 1605 281 1664 tia,
307 1601 460 1657 nobis
483 1601 775 1675 plenissime
805 1607 867 1663 &
903 1600 1310 1658 cumulatissime
1344 1597 1448 1654 sese
1486 1596 1697 1655 infudit.
1810 1598 1887 1656 Ita

171 1680 321 1734 enim
352 1677 593 1750 Justinus
616 1677 827 1749 Martyr
851 1676 1010 1732 habet
1031 1676 1228 1748 Apolog.
1267 1690 1311 1731 ι.
1384 1671 1660 1735 „Minime
1692 1673 1885 1731 miran-

172 1752 373 1818 „dum‚
406 1749 444 1805 si
468 1767 595 1812 eos,
623 1753 717 1823 qui
749 1750 892 1823 juxta
926 1766 1128 1823 partem
1170 1748 1400 1822 aliquam
1422 1747 1700 1818 seminariae
1730 1751 1884 1803 ratio-

165 1829 294 1892 „oni
328 1842 504 1883 mores
543 1825 664 1882 suos
695 1822 1060 1886 conformant,
1102 1823 1348 1898 periculis
1380 1822 1658 1896 objiciunt,
1692 1822 1884 1881 scilicet

162 1899 598 1974 -„Phiiosophos;
634 1896 828 1957 verum
858 1897 1026 1973 quod‘
1052 1895 1345 1955 secundum
1381 1901 1626 1964 universae
1658 1899 1882 1961 rationis,

168 1977 360 2052 „quod
388 1975 627 2033 Christus
657 1975 758 2047 est,
784 1978 1058 2032 notionem
1083 1977 1145 2034 ὃ(
1167 1972 1672 2046 contemplationem
1694 1974 1882 2029 viven-

168 2069 285 2118 ⁴„tes
315 2054 371 2109 in
406 2050 567 2124 longe
603 2050 798 2125 majora
823 2049 942 2107 odia
970 2049 1232 2123 conjicere
1260 2065 1363 2122 ope
1394 2052 1455 2107 &
1478 2048 1642 2122 opera
1666 2046 1753 2104 sua
1777 2046 1880 2104 dae-

168 2143 395 2192 „mones
423 2141 794 2199 coarguuntur
811 2163 826 2187 ,
851 2124 905 2180 id
935 2124 1157 2181 demum
1183 2123 1584 2179 admirationem
1607 2121 1824 2179 excedit.
1844 2161 1879 2187 ‚,

174 2201 286 2258 Ubi
321 2199 599 2257 advertere
626 2201 731 2262 est,
765 2198 1086 2257 Christianos
1105 2204 1166 2259 &
1197 2197 1643 2271 Philosophorum
1673 2197 1879 2256 castisii-

171 2291 293 2333 mos
326 2291 437 2330 non
481 2274 583 2331 alio
614 2275 802 2330 distare
824 2313 840 2336 ‚
886 2274 1050 2349 quam
1091 2272 1244 2349 quod
1280 2272 1335 2328 hi
1370 2272 1526 2329 rech
1557 2274 1768 2329 rationis
1806 2275 1881 2330 ri·

170 2349 369 2406 vulum
392 2347 673 2406 conseami
696 2346 923 2412 fuerint,
946 2349 1017 2405 illi
1044 2347 1247 2406 fontem
1271 2346 1445 2421 ipsum
1477 2347 1689 2420 bibant3
1710 2364 1880 2407 utros-

169 2441 283 2499 que
320 2438 498 2480 tamen
538 2422 759 2496 perinde
798 2422 897 2481 hac
929 2424 1031 2481 una
1065 2422 1116 2480 se
1152 2423 1286 2486 fide,
1319 2422 1418 2479 hac
1450 2422 1707 2496 religione
1742 2423 1878 2480 obli-

166 2497 338 2578 gasse,
362 2515 424 2557 ut
454 2498 636 2561 teche:
647 2499 835 2556 rationi
871 2498 1231 2634 seAcoaptent.
1340 2497 1416 2556 lta
1438 2494 1706 2566 nimirum
1746 2498 1878 2559 nihil

234 2616 240 2621 ..
997 2590 1025 2630 a
1063 2588 1097 2647 3
1669 2590 1805 2633 circa
