2144 2852
218 143 352 268 *126
814 200 991 280 ὰὲῑεξε·
1037 196 1425 296 >0<02ffl

370 335 538 394 XXII.
578 334 827 406 Denique
858 338 920 394 &
944 333 1191 390 Sanc‘t‘itaff¹
1225 331 1371 389 haud
1405 329 1694 389 obscurum
1723 333 1943 391 eviden-

238 417 305 473 tis
338 412 692 470 credibilitatis
741 409 996 466 indicium
1047 409 1283 484 praebec,
1332 408 1472 465 illam
1521 407 1711 485 scilicet
1759 407 1945 468 Eccle-

239 490 398 552 fiam,
434 505 556 563 quae
590 503 695 542 una
725 503 786 542 ac
824 485 927 542 sola
972 487 1028 541 in
1061 486 1213 542 terris
1250 482 1421 542 sancta
1451 482 1551 546 est,
1585 501 1749 541 unam
1784 489 1944 545 etiam

239 584 302 623 ac
333 564 492 621 solam
529 557 630 618 effe
662 561 945 624 Divinam,
967 560 1074 617 five
1113 560 1143 616 a
1188 558 1402 617 Christo
1451 562 1625 618 omnis
1667 558 1945 620 sanctitatis

239 639 392 699 fonte
430 639 714 694 institutam
751 653 768 710 3
807 635 938 694 ficut
972 637 1004 693 ὲ
1036 635 1244 693 diverso
1277 635 1361 692 illa
1395 634 1621 710 Religio,
1657 653 1782 708 quae
1815 655 1949 711 qua·
2016 647 2019 650 ’

238 717 508 789 lecunque
568 714 845 787 impietatis
898 729 1070 789 genus
1125 710 1504 784 compleffitur
1554 714 1617 772 &
1662 703 1949 786 approbat.

239 809 368 849 eum
404 788 705 848 Au&orem
735 787 934 845 habere
969 805 1079 845 non
1111 788 1312 863 potest,
1352 789 1447 862 qui
1488 784 1614 844 cum
1653 787 1763 862 ipse
1795 787 1856 846 fit
1892 790 1950 846 in

239 867 294 925 se
325 864 683 925 Sanffiffimus
703 903 719 927 ,
757 881 866 921 non
906 863 1078 938 potest
1118 881 1230 920 non
1259 861 1361 919 effe
1392 861 1747 920 Sanfi’ciffimus
1792 865 1950 922 etiam

239 947 298 1000 in
332 939 586 1000 omnibus
618 939 872 1014 operibus
906 939 1023 996 suis.
1133 939 1310 996 Divini
1387 935 1592 995 rofecffi
1629 937 1761 994 nihil
1799 941 1852 995 in
1886 957 1948 1001 ea

236 1019 510 1093 Religione
543 1033 729 1090 arguas
758 1052 777 1079 ,
824 1015 975 1088 cujus
1006 1013 1290 1090 dogmata,
1346 1033 1365 1069 ι
1399 1029 1526 1070 vera
1572 1012 1946 1078 admittantur,

238 1095 483 1151 homines
515 1090 546 1148 a
579 1092 793 1148 Virtute
821 1107 1168 1153 avertuntur,
1198 1089 1263 1147 ad
1306 1090 1429 1146 vitia
1463 1087 1831 1153 sollicitantur,
1857 1105 1950 1147 aut

240 1167 441 1244 aliquid
472 1166 758 1239 indignum
789 1165 858 1222 de
894 1167 1014 1223 Deo
1049 1165 1292 1229 sentitur,
1316 1168 1452 1241 quin·
1473 1164 1670 1221 idcirco
1699 1181 1950 1223 aeternam

240 1248 408 1302 vitam
441 1241 535 1297 fibi
557 1239 884 1311 eripiendam
914 1241 1147 1299 credant.
1221 1240 1468 1314 Exempli
1487 1239 1667 1296 causa:
1690 1257 1799 1296 non
1821 1258 1951 1314 pau·

198 1370 201 1372 .
241 1337 304 1378 ca
330 1314 595 1392 ejusmodi
634 1314 835 1371 habere
868 1315 978 1370 aliae
1011 1315 1308 1387 Religiones
1345 1314 1374 1370 ὃ
1413 1313 1684 1371 Catholica
1732 1314 1949 1376 diversae

242 1393 540 1454 vIdentur,
575 1390 728 1464 queis
759 1388 938 1464 positis
976 1394 1037 1450 &
1083 1389 1309 1445 admiffis
1348 1386 1543 1450 homo,
1573 1387 1610 1444 fi
1648 1389 1820 1462 probe*
1866 1407 1951 1448 ar..

243 1483 594 1545 gumentetur
615 1504 630 1528 ‚
667 1464 733 1521 ad
770 1466 894 1521 vitia
929 1463 1210 1521 deflectere
1243 1464 1400 1526 velit,
1433 1463 1830 1540 virtutibusque
1858 1484 1950 1523 va·-

243 1545 472 1602 ledicere
526 1557 543 1598 :
618 1539 776 1596 Talia
816 1539 936 1596 sunt
969 1540 1202 1596 arbitrari
1233 1576 1251 1603 ‚
1300 1537 1714 1614 justificationem
1744 1545 1806 1601 &
1832 1558 1952 1615 gra-

245 1623 373 1678 tiam
406 1614 815 1674 sanffificantem
868 1632 967 1689 per
1018 1615 1228 1672 nullum
1266 1631 1543 1689 peccatum
1577 1617 1743 1672 amitti
1780 1616 1950 1690 posse,

246 1696 341 1759 ita,
369 1710 431 1752 ut
465 1708 629 1749 nemo
663 1692 719 1747 in
753 1692 975 1765 gratiam
1011 1690 1040 1747 ὃ
1078 1690 1198 1747 Deo
1231 1689 1389 1746 semel
1438 1707 1684 1764 receptus
1734 1692 1952 1756 exinde,

247 1785 560 1847 quanquam
608 1768 842 1839 graviter
875 1783 1095 1840 peccans
1132 1766 1163 1823 ὲ
1197 1767 1360 1840 gratia
1390 1766 1595 1822 excidat
1640 1783 1657 1838 ς
1729 1766 1948 1841 Justum

249 1845 499 1921 quemvis
534 1840 758 1897 firmiter
788 1841 1037 1905 credere,
1073 1841 1301 1903 debere,
1340 1840 1430 1896 fibi
1469 1842 1714 1915 Regnum
1743 1841 1844 1899 Dei
1882 1861 1951 1901 ne

249 1922 280 1979 a
318 1920 545 1996 peccatis
576 1914 796 1991 quidem
828 1916 1080 1989 gravibus
1113 1915 1487 1990 eripiendum3
1557 1916 1725 1990 Justis
1753 1917 1948 1990 impet:

251 1996 450 2053 sibilem
483 1993 584 2049 esle
615 1990 984 2048 mandatorum
1020 1993 1345 2047 Divinorum
1377 1989 1757 2047 observantiam
1777 2028 1796 2054 ,
1823 2009 1950 2049 con.

250 2073 491 2128 filiorum
552 2068 874 2124 Divinorum
923 2065 1356 2140 adimpletionem
1402 2064 1576 2121 cultfis
1617 2065 1951 2138 superstitiosi

252 2162 426 2221 genus
458 2142 590 2215 effe3
640 2142 936 2198 Hominem
969 2140 1033 2196 ad
1069 2139 1270 2196 malum
1299 2139 1612 2211 neceffitari3
1648 2140 1787 2198 bona
1814 2141 1944 2200 fide-

252 2225 387 2279 lium
427 2237 616 2295 opera,
637 2231 848 2292 peccata
877 2212 978 2272 effe
1009 2213 1156 2289 apud
1184 2214 1367 2272 Deum
1393 2253 1410 2277 ‚
1455 2218 1519 2276 &
1546 2216 1641 2273 alia
1666 2214 1948 2292 hujusmo-

253 2298 309 2357 di
331 2301 438 2358 &c.

387 2442 560 2501 XXII.
599 2442 675 2500 At
717 2439 851 2499 vero
886 2439 924 2497 fi
971 2439 1270 2496 invenimus
1303 2441 1648 2505 Societatem,
1680 2458 1804 2517 quae
1839 2416 1952 2516 prae

255 2519 504 2578 omnibus
539 2516 649 2575 aliis
692 2516 909 2575 excellat
954 2517 1011 2573 in
1044 2513 1304 2573 saunitate
1344 2534 1470 2575 vera
1500 2522 1565 2580 &
1611 2516 1950 2590 Evangelica‚

1765 2606 1876 2648 non
