2144 2852
239 204 361 269 228·
794 190 972 277 &02³
1013 194 1121 272 >0
1166 195 1205 275 (·
1236 188 1440 278 ᾧῷ·

240 345 350 395 tes,
386 329 484 407 qui
532 327 731 387 mutuo
759 321 857 387 ‘'vel
891 348 997 407 pro
1035 328 1412 406 superstitiosis
1459 328 1549 389 vel
1585 332 1692 406 p'ro
1727 325 1953 413 Sacrileg

286 410 329 464 is
365 405 470 464 sese
515 405 718 463 habent
763 410 826 468 &
871 405 1093 483 publice
1143 406 1437 466 traducunt
1457 442 1475 471 ‚
1545 424 1655 483 pax
1687 406 1954 469 servetur.'

264 483 371 541 nde
400 481 529 539 odia
548 516 564 545 ‚
603 481 926 547 simultates,
960 481 1304 542 dissensiones
1341 499 1508 560 atque
1544 485 1952 549 contentiones,

234 577 361 635 quae
387 561 644 634 quamvis
675 560 942 616 contineri
992 559 1061 616 ad
1098 576 1319 635 tempus
1357 560 1583 634 poffint‚
1621 558 1834 635 semper
1872 575 1949 624 ta·

230 652 363 693 men
397 633 569 692 veluti
609 633 709 692 sub
744 637 929 691 cinere
967 634 1228 711 gliscunt,
1254 640 1316 697 &
1352 635 1477 692 data
1505 635 1782 693 occasione
1818 653 1949 712 pro·

228 711 363 769 clivi
396 714 453 766 in
485 726 698 784 apertas
733 713 901 768 etiam
938 710 1182 768 flammas
1221 729 1514 786 erumpere
1544 711 1720 768 solent
1736 747 1760 775 v‚
1811 727 1949 787 quas

225 785 381 844 nulla
414 786 661 844 Historia
702 803 816 843 non
853 783 1019 844 refert
1044 822 1060 850 ,
1102 788 1118 842 i
1162 785 1323 863 saque
1357 789 1695 862 experientia
1732 784 1952 845 abunde

227 863 468 921 testatur.
586 863 668 919 Hi
703 862 997 938 propterea
1035 862 1076 919 fi
1133 863 1275 919 emel
1314 864 1588 920 emendati
1625 879 1679 920 at
1720 881 1792 920 ue
1828 878 1950 920 cor-

227 938 363 997 recti
399 941 455 995 in
484 954 739 996 errorum
766 938 1106 1014 ejuratorum
1135 938 1516 1014 divulgatione
1537 939 1707 1014 depre
1746 938 1948 995 endan-

228 1029 363 1087 tur3
402 1032 586 1071 nonne
638 1033 761 1071 eam
812 1014 998 1071 saltem
1047 1014 1314 1072 cautelam
1351 1014 1639 1072 salutarem
1676 1014 1800 1071 filiis
1838 1013 1948 1072 suis

228 1089 394 1147 debet
426 1090 690 1153 Ecclesia,
715 1106 778 1147 ut
805 1108 872 1146 eo
903 1090 1091 1147 saltem
1127 1093 1183 1147 in
1222 1091 1360 1147 statu
1389 1090 1512 1147 illos
1546 1105 1805 1165 reponat,
1832 1106 1948 1166 quo

225 1165 454 1222 salutem
490 1165 726 1222 aliorum
766 1166 1036 1240 impedire
1071 1183 1183 1223 non
1218 1166 1416 1241 poffint
1452 1167 1478 1224 ζ
1554 1164 1674 1222 Ιηιό
1709 1168 1875 1223 etiam
1914 1162 1947 1233 ἃ

224 1239 471 1315 Regibus
493 1244 554 1302 δι
576 1241 988 1314 Magistratibus
1012 1241 1259 1298 Ecclesiae
1291 1241 1608 1298 Tutoribus
1636 1241 1774 1316 quid
1798 1239 1943 1315 aspe-

226 1317 278 1371 ri
311 1333 426 1371 non
464 1331 740 1371 mereatur
786 1315 1039 1389 perversa
1090 1315 1294 1371 horum
1330 1315 1612 1377 voluntas,
1650 1315 1807 1391 cujus
1838 1316 1945 1371 uti-

224 1408 338 1465 que
366 1407 508 1465 opus
534 1391 716 1453 est‚&
739 1390 767 1446 ὃ
791 1388 901 1465 qua
925 1390 1129 1465 pendet
1160 1407 1414 1447 errorum
1443 1390 1783 1465 divulgati03
1807 1406 1945 1465 quas

224 1482 414 1541 poenas
464 1483 577 1523 non
627 1462 824 1521 referat
869 1464 1159 1540 conjuncta
1205 1466 1537 1540 plerumque
1575 1465 1941 1522 calumniandi

224 1543 508 1616 antiquam
553 1540 896 1615 Religionem
944 1540 1119 1600 libido
1160 1540 1379 1617 legibus
1417 1540 1545 1617 ipfis
1580 1539 1803 1600 adversa
1822 1575 1842 1608 ‚
1880 1543 1944 1606 δι

223 1615 529 1694 periculosa
565 1617 867 1693 contagio?

375 1769 573 1828 XXIII.
613 1768 724 1828 Alii
748 1771 1013 1845 privatim
1045 1766 1259 1829 tantum
1293 1787 1538 1829 errorem
1567 1769 1727 1829 suum
1758 1784 1943 1828 tenen·

224 1864 307 1908 tes
346 1846 553 1922 absque
603 1845 748 1903 illius
795 1843 1226 1905 disseminatione
1290 1850 1490 1905 vivunt
1535 1863 1688 1904 extra
1723 1844 1941 1921 suspici-

224 1940 391 1983 onem
424 1921 723 1984 tumultfis,
758 1920 848 1978 sua
878 1924 1140 1995 opinione
1175 1926 1414 1981 contenti
1448 1923 1582 1980 alios
1619 1940 1721 1978 nec
1759 1939 1939 1996 oppu-

223 2014 395 2077 gnant
412 2035 429 2062 ,
464 2013 564 2054 nec
596 1996 900 2072 sequuntur
917 2031 933 2059 ‚
967 1996 997 2053 a
1026 1998 1227 2074 quibus
1261 2016 1360 2055 nec
1391 1999 1627 2074 potestas
1653 1996 1938 2061 saecularis,

224 2094 327 2135 nec
377 2074 488 2151 ipsa
521 2072 770 2148 Religio,
822 2087 914 2129 aut
949 2072 1089 2130 salus
1124 2074 1357 2131 aliorum
1391 2076 1706 2130 concivium
1740 2071 1935 2137 habet,

221 2150 381 2227 quod
415 2164 683 2207 vereatur.
763 2146 961 2206 Mitius
985 2148 1042 2204 hi
1065 2147 1280 2223 semper
1301 2148 1532 2205 habendi
1564 2146 1712 2212 sunt,
1742 2165 1936 2224 quam-

226 2227 310 2284 vls
331 2240 456 2282 vnon
486 2225 554 2282 ab
580 2224 730 2281 omni
761 2224 950 2298 culpa,
975 2223 1071 2281 ubi
1108 2223 1426 2282 salutaribus
1462 2227 1686 2282 monitis
1721 2243 1781 2282 ac
1810 2240 1935 2298 per·

224 2299 557 2360 suasionibus
593 2318 748 2357 aures
783 2299 1107 2363 occludunt,
1141 2303 1328 2363 vacui,
1363 2318 1463 2357 nec
1494 2300 1563 2357 ab
1596 2303 1746 2357 omni
1771 2316 1932 2375 pror-

223 2374 318 2435 si1s
347 2393 509 2452 poena
545 2377 615 2432 ad
650 2375 817 2432 solam
849 2373 1094 2451 ipsorum
1123 2376 1534 2433 conversionem
1568 2376 1814 2434 ordinata
1838 2392 1931 2433 ex·

221 2453 461 2510 cusandi.
540 2452 666 2508 Nec
691 2454 837 2508 enim
868 2452 1104 2525 perstant
1134 2450 1415 2508 obduratae
1441 2454 1507 2509 ,in
1537 2454 1708 2509 veteri
1742 2469 1933 2511 errore

225 2544 466 2596 mentes,
494 2524 585 2586 sed
616 2530 675 2587 in
705 2544 881 2586 novos
915 2526 1048 2587 alios
1078 2526 1328 2605 quotidie
1356 2525 1653 2597 diffluunt,
1683 2531 1739 2586 in
1760 2526 1933 2656 lffiaere·

1793 2616 1856 2658 es
