2144 2852
795 210 1407 293 ffl&)0(※63¹
1892 231 1965 288 23

397 342 538 401 xm.
576 341 644 400 Et
679 361 988 422 quanquam
1019 344 1161 403 nulla
1193 345 1253 402 fit
1276 345 1504 419 Religio,
1532 355 1653 419 quae
1685 341 1843 407 12&ae
1872 343 1966 400 Ra-

265 422 396 479 tioni
451 424 512 481 &
559 421 956 492 praestantia,&
986 421 1273 484 sanctitate,
1306 427 1367 483 &
1406 423 1625 478 veritate
1666 417 1718 475 se
1759 417 1966 476 tantum

262 495 634 557 commendet,
671 494 936 568 quantum
971 498 1260 554 Christiana
1303 498 1505 571 Religio
1545 512 1695 571 :qnec
1732 496 1837 570 ipsa
1890 512 1966 553 ta-

261 589 390 629 men
425 588 774 644 temperatam
810 574 947 628 hanc
969 578 1030 633 &
1058 573 1382 647 prudentem
1418 573 1801 630 dubitationem
1837 571 1964 628 hor-

262 665 346 705 ret
386 664 477 703 aut
514 648 716 720 rejicit.
755 648 860 722 qua
909 648 1005 712 fit,
1046 660 1116 705 ut‘
1156 648 1533 706 nobiliffimum
1568 647 1688 703 fidei
1727 647 1965 710 donum,

263 739 379 798 quo
417 722 445 778 a
481 723 600 778 Deo
659 739 758 794 per
789 723 991 779 sacrum
1035 724 1293 797 baptisma
1339 723 1606 779 donantur
1643 722 1964 785 Christiani,

262 797 350 855 vel
382 798 571 870 in'ipsa
620 797 950 854 dubitatione
989 798 1227 855 servetur
1264 798 1520 855 intaS'tum
1559 803 1621 858 &
1660 797 1967 854 Christianae

262 873 543 947 Religionis
576 875 766 928 veritas
808 874 976 948 magls
1016 874 1218 931 eluceat
1241 911 1259 935 ‚
1294 880 1356 933 &
1388 871 1580 930 fortius
1616 872 1966 931 confirmetur

260 951 317 1006 in
353 948 636 1004 hominum
671 949 955 1006 mentibus.
1031 949 1514 1019 Quemadmodum
1549 951 1704 1004 etiam
1739 946 1966 1020 amplifi-

261 1026 527 1082 cationem
590 1028 651 1083 &
701 1023 1160 1083 confirmationem
1212 1023 1336 1080 fidei
1386 1023 1415 1080 a
1452 1024 1568 1080 Deo
1603 1023 1874 1096 postulare
1905 1027 1966 1082 δε

256 1098 540 1174 possumus
574 1102 634 1158 &
669 1098 955 1163 debemus,
994 1099 1239 1174 exemplo
1274 1099 1663 1174 Apostolorum
1693 1098 1966 1154 Christum

255 1174 437 1247 ‘ipsum
474 1174 790 1245 Magistrum
827 1175 1353 1250 suumtrogantium‚
1385 1192 1447 1231 ut
1479 1173 1770 1232 conceflam
1807 1172 1898 1228 fibi
1937 1172 1965 1229 a

262 1251 385 1308 Deo
428 1248 550 1304 fidei
585 1249 883 1306 mensuram
925 1250 1226 1326 adaugeret.
1321 1251 1449 1308 Hoc
1485 1251 1598 1324 ipso
1638 1251 1838 1324 quippe
1873 1266 1966 1304 ve·

261 1344 377 1384 ram
413 1323 723 1398 certamque
758 1326 859 1381 esse
898 1328 1222 1401 Religionem
1269 1344 1331 1382 ac
1365 1325 1528 1382 fidem
1564 1327 1795 1394 nostram
1829 1361 1846 1386 ‚
1905 1329 1966 1384 δε

266 1399 552 1477 propterea
594 1402 920 1458 retinendam
962 1402 1213 1464 firmiter,
1237 1401 1582 1475 agnoscimus·
1657 1399 1838 1472 Hujus
1872 1417 1967 1471 ge-

264 1480 404 1534 neris
438 1475 556 1531 sunt
599 1476 1045 1551 Philosophorum
1080 1477 1503 1534 Christianorum
1541 1474 1966 1547 disceptationes,

262 1554 389 1627 qui,
414 1549 660 1624 quamvls
695 1551 813 1607 fidei
843 1569 1048 1609 tenaces
1080 1552 1207 1625 sint,
1231 1554 1403 1608 necin
1427 1570 1487 1607 ea
1510 1551 1623 1606 ullo
1653 1548 1820 1605 modo
1845 1551 1965 1604 titu-

267 1629 423 1688 bent,
458 1626 524 1682 de
546 1627 666 1682 Deo
699 1644 877 1682 tamen
897 1665 914 1690 ‚
936 1628 1004 1682 de
1039 1645 1223 1683 natura
1245 1643 1456 1686 rerum,
1479 1625 1547 1680 de
1570 1623 1843 1679 animabus
1866 1622 1966 1678 ho-

265 1705 475 1759 minum
499 1737 518 1762 ‚
546 1702 615 1756 de
677 1700 870 1755 harum
911 1701 1302 1757 immortalitate
1324 1734 1339 1761 ,
1371 1699 1439 1755 de
1472 1699 1668 1756 finibus
1696 1698 1966 1754 bonorum

269 1782 333 1837 &
361 1775 651 1834 malorum,
684 1774 902 1849 aliisque
937 1775 1199 1847 ejusmodi
1235 1773 1305 1831 ita
1337 1774 1618 1836 differunt,
1640 1789 1699 1830 ut
1720 1790 1881 1828 nemo
1906 1773 1967 1836 il-

266 1851 347 1907 los
361 1850 635 1922 Religionis
660 1848 895 1923 fidelque
919 1851 1123 1906 violatae
1157 1867 1277 1905 reos
1301 1851 1571 1912 existimet,
1585 1847 1965 1908 imo&suas&

261 1927 489 1983 aliorum
526 1941 730 1979 mentes
775 1925 897 1980 fidei
931 1928 1299 1981 retinentiores
1333 1923 1578 1984 efficiant.
1679 1923 1790 1998 Ipsa
1825 1941 1964 1998 quo-

304 2020 373 2058 ue
412 2000 647 2056 Concilia
686 1999 925 2056 Ecclesia:
969 2001 1192 2057 sobriam
1242 1999 1378 2057 hanc
1419 2000 1803 2072 dubitationem
1837 2016 1962 2055 con·

302 2076 536 2131 rmandae
576 2075 855 2147 Religionis
889 2076 1040 2132 causa
1081 2074 1270 2132 saetam
1321 2093 1430 2131 non
1481 2073 1790 2147 refugiunt,
1828 2073 1962 2129 dum

260 2151 435 2208 Patres
478 2153 533 2205 in
565 2151 765 2222 Spiritu
802 2150 980 2207 sanfi'to
1027 2153 1334 2225 congregati
1373 2167 1481 2206 non
1527 2166 1688 2205 novas
1726 2148 1962 2204 revelati-

259 2243 389 2281 ones
426 2225 697 2286 condunt,
719 2225 804 2280 sed
838 2242 935 2298 per
971 2229 1221 2300 praeviam
1253 2225 1644 2300 inquisitionem
1668 2259 1686 2285 ‚
1727 2221 1958 2278 diseuffi·

264 2317 425 2356 onem
452 2337 468 2361 ‚
507 2300 841 2354 collationem
894 2319 1021 2356 cum
1058 2302 1328 2356 affistentia
1368 2297 1593 2372 Spiritus
1630 2297 1824 2358 san-Sti,
1862 2298 1962 2352 du-

262 2392 323 2431 ce
355 2372 627 2446 Scriptura
663 2380 724 2433 <Sc
748 2374 1053 2439 traditione,
1073 2378 1316 2430 veritates
1353 2375 1456 2447 jam
1496 2371 1644 2449 prius
1672 2373 1701 2429 a
1736 2372 1853 2428 Deo
1878 2389 1962 2429 rea

256 2450 448 2506 velatas
485 2447 750 2506 definiunt
785 2465 944 2524 atque
970 2452 1341 2508 determinant.

1627 2596 1769 2654 XIV.
1789 2598 1882 2654 At-
