2144 2852
226 236 312 308 <4<>
562 282 569 287 „
698 207 706 210 ’
777 215 951 310 &aare
992 228 1022 307 )
1060 249 1098 292 ο
1134 226 1164 310 (
1208 218 1383 310 »2⁶28
1568 332 1571 335 ¹

232 372 313 419 “eae
349 351 581 420 rationes
625 359 832 419 tantum
883 360 1113 419 fundent
1162 361 1414 437 judicium
1450 357 1690 436 prudens
1724 362 1786 425 δε
1814 364 1939 438 pra·-

236 439 468 499 fficum,
491 437 642 510 quod
679 437 865 498 dissat,
894 437 1121 494 maxime
1145 437 1393 510 credibile
1421 437 1551 503 effe,
1573 438 1721 514 quod
1751 438 1781 496 ὃ
1817 438 1936 497 Deo

238 513 352 571 haec
382 511 632 570 revelatio
669 511 986 587 processerit.
1924 544 1929 552 ·

365 663 458 718 XI.
498 661 717 718 Horum
753 664 914 736 igitur
944 659 1218 736 signorum
1243 658 1332 718 seu
1370 661 1700 731 motivorum
1737 677 1939 723 munus

234 738 503 814 praecipue
537 735 697 794 afficit
737 737 973 794 divinam
1010 738 1385 794 revelationem
1398 754 1413 808 3
1448 736 1501 792 id
1540 737 1640 800 est,
1680 754 1794 794 non
1829 755 1939 797 tam

236 814 389 870 nobis
422 811 737 885 persuadent
786 811 949 887 ipsam
991 814 1366 884 mysteriorum
1396 811 1766 868 revelatorum
1803 815 1942 871 veri'-

236 905 395 946 tatem
416 927 432 951 ,
457 886 621 962 quarn
658 888 713 944 id
752 885 957 944 tanturn
994 885 1257 949 efficiunt,
1285 903 1344 942 ut
1375 885 1695 960 judicemus,
1718 888 1940 946 eviden-

236 979 317 1020 ter
349 962 659 1019 credibilem
694 961 794 1018 esse
828 963 1142 1018 existentiam
1174 961 1379 1017 Divinae
1406 962 1764 1024 revelationi&
1786 967 1846 1022 &
1873 964 1941 1022 fic

235 1039 456 1095 honeste
487 1035 659 1111 posse,
683 1042 743 1098 &
779 1036 1073 1109 prudenter
1118 1036 1317 1093 debere
1350 1036 1493 1093 credi
1524 1036 1630 1110 ipsa
1666 1038 1940 1110 mysteria,

235 1123 358 1190 'quae
398 1129 497 1187 per
547 1111 685 1169 hanc
728 1111 1105 1168 revelationem
1157 1112 1346 1168 talibus
1396 1111 1554 1184 signis
1603 1112 1939 1184 conspicuam

233 1202 633 1263 proponuntur.
707 1186 792 1242 De
819 1203 1016 1243 coetero
1045 1186 1129 1243 sua
1163 1187 1340 1243 adhuc
1373 1187 1694 1258 relinquitur
1725 1186 1845 1242 fidei
1881 1189 1941 1245 li-

233 1263 435 1324 bertas,
463 1259 700 1334 obsequii
736 1264 894 1323 ratio,
931 1278 991 1318 ac
1032 1265 1315 1324 meritum,
1364 1266 1425 1322 &
1463 1264 1636 1318 omnis
1669 1261 1820 1317 simul
1858 1266 1942 1320 in-

233 1336 467 1396 credulis
486 1333 788 1410 praeciditur
814 1339 1085 1393 excusatio,
1163 1335 1238 1392 lta
1262 1337 1450 1393 scilicet
1473 1335 1779 1392 mirabiliter
1792 1337 1942 1397 Deus

233 1411 441 1472 miscuit
473 1412 760 1468 claritatem
801 1417 861 1472 &
896 1412 1213 1468 evidentiam
1250 1429 1375 1468 cum
1409 1411 1751 1473 obscuritate,
1790 1429 1852 1470 ut
1879 1413 1941 1471 fi-

237 1487 381 1545 deles
410 1486 586 1543 adhuc
617 1485 860 1543 dubitare
887 1487 1080 1561 possint
1115 1487 1184 1543 de
1219 1490 1438 1543 veritate
1469 1486 1818 1560 dogmatum,
1855 1491 1940 1546 in·

236 1562 419 1621 fideles
443 1561 576 1617 vero
607 1561 884 1618 certissime
918 1562 1057 1617 illam
1089 1561 1492 1634 deprehendere
1524 1561 1754 1634 possent,
1779 1561 1940 1621 dum..

235 1636 406 1698 modo
441 1638 680 1693 animum
716 1635 1034 1711 praejudiciis
1070 1654 1300 1692 vacuum
1338 1635 1452 1692 satis
1483 1635 1847 1710 adverterent3
1877 1656 1938 1699 ac

235 1712 404 1789 porro
435 1751 450 1774 ,
485 1727 548 1768 ut
592 1711 743 1768 Deus
791 1710 922 1785 juste
970 1711 1138 1784 posset
1172 1710 1395 1767 reddere
1433 1711 1770 1768 credentibus
1801 1731 1937 1787 prae-

235 1792 409 1846 mium
445 1785 548 1843 suae
589 1785 743 1852 fidei,
774 1784 1073 1844 infidelibus
1109 1785 1242 1845 vero
1275 1786 1652 1845 incredulitatis
1678 1786 1788 1846 suae
1817 1787 1938 1864 sup-

232 1864 472 1939 plicium.

382 2010 499 2068 Xll.
536 2008 905 2083 Quamobrem
937 2008 1002 2066 ad
1031 2010 1357 2086 Religionem
1392 2027 1576 2067 veram
1615 2008 1937 2085 ampleEten-

235 2087 360 2145 'dam
385 2091 445 2148 ὃς
479 2085 641 2142 fidem
674 2083 1079 2158 suscipiendam,
1101 2104 1223 2158 quae
1256 2086 1285 2141 a
1308 2085 1502 2158 judicio
1536 2086 1932 2149 intellefi'tt'ls,&

236 2164 267 2220 a
299 2163 583 2218 voluntatis
632 2161 855 2232 imperio
905 2158 1286 2232 proficiscitur,
1337 2162 1388 2214 hi
1426 2158 1754 2233 potissimum
1787 2161 1935 2223 astus

236 2239 700 2314 praerequiruntur
725 2239 787 2294 &
820 2235 1178 2290 interveniunt
1214 2251 1230 2292 ε
1306 2234 1510 2290 Primus
1548 2237 1622 2290 est
1657 2239 1930 2309 perceptio

237 2331 462 2375 eorum,
510 2329 631 2387 quae
670 2309 739 2366 de
777 2309 875 2365 hac
922 2309 1188 2382 Religione
1225 2309 1507 2366 traduntur
1543 2314 1606 2370 &
1641 2310 1934 2385 praedican-

238 2405 327 2445 tur
364 2405 380 2460 3
411 2397 540 2443 'narn
573 2403 639 2442 ex
671 2382 929 2459 Apostolo
959 2384 1097 2440 Rom.
1127 2405 1193 2439 10.
1227 2403 1286 2441 v.
1309 2406 1382 2445 17.
1454 2383 1607 2440 Ftdes
1637 2403 1698 2440 ex
1730 2390 1930 2449 auditu,

238 2462 438 2530 auditus
463 2476 622 2518 autem
658 2475 752 2535 per
786 2457 993 2516 verbum
1030 2457 1217 2527 Christi.
1360 2459 1636 2516 Secundus
1668 2461 1743 2515 est
1776 2477 1931 2517 men-

230 2539 304 2597 tis
335 2535 601 2616 inquifitio
634 2541 697 2600 δι
729 2551 982 2601 examen,
1003 2530 1220 2601 utrum,
1255 2535 1351 2610 qui
1384 2535 1548 2595 verba
1572 2532 1696 2592 facit
1709 2567 1732 2594 ‚.
1764 2533 1927 2594 fidem

1653 2623 1857 2668 merea·-
