2144 2852
747 189 923 272 ἐπῇ
966 193 1129 270 )ο’(
1174 189 1349 274 (8·οὲ
1791 199 1907 271 279

197 323 739 390 &conservetur‚aut
752 326 865 383 laesa
883 328 994 402 poti
1000 344 1059 382 us
1081 327 1421 390 restauretur,
1430 325 1738 381 vexationes
1750 327 1908 382 econ·

198 402 297 466 trit,
306 400 532 476 aliaeQue
546 401 752 475 injuriae
774 402 883 460 five
895 419 993 477 per
1006 419 1276 460 externam
1289 405 1400 460 vim
1416 406 1478 463 &
1490 401 1905 476 oppressionem,

196 477 308 534 five
336 475 571 553 scriptis,
589 476 699 535 five
727 479 932 541 verbis,
963 477 1143 537 aliisve
1175 478 1352 536 modis
1384 474 1567 534 inferri
1600 475 1722 533 alias
1749 477 1907 533 solitae

194 555 494 618 evitentur,
521 571 684 629 atque
718 554 870 611 illatae
904 568 1012 628 pro
1035 556 1240 628 neritis
1271 560 1620 612 coerceantur
1653 569 1670 626 3
1703 569 1905 610 -exortae

194 628 368 706 porro
400 630 540 686 inter
585 647 678 686 eos
715 624 1097 693 contr-over&
1139 630 1242 705 per
1288 631 1470 687 amicae
1505 627 1904 703 compositionis

195 720 290 763 aut
320 705 589 778 legitimos
616 703 748 779 juris
782 724 842 763 ac
870 705 1074 779 justitiae
1102 706 1368 769 tramites,
1389 705 1578 781 procul
1614 706 1763 762 omni
1789 721 1905 778 par-

195 782 330 837 tium
370 779 571 843 studio,
590 780 832 838 celeriter
855 780 1178 838 definiantur
1198 785 1262 843 δι
1284 779 1906 856 complanentur‚efique

197 857 404 914 ratione
424 853 612 931 legum
625 855 964 932 publicarum
986 854 1275 916 sanfflones
1294 857 1498 935 ubique
1522 854 1906 915 custodiantur.

323 1001 526 1066 xxxl.
579 1005 860 1065 Coeterum
901 1006 1288 1067 attendendum
1329 1006 1387 1064 in
1431 1004 1515 1064 his
1541 1005 1795 1064 omnibus
1828 1004 1906 1063 est

194 1079 503 1140 orthodoxo
549 1082 808 1158 Principi,
879 1081 993 1142 uod
1026 1101 1128 1142 nec
1172 1083 1446 1142 tolerantia
1471 1122 1488 1147 ‚
1533 1099 1634 1140 nec
1662 1081 1907 1155 eiusdem

194 1157 466 1233 protefi'cio
496 1156 756 1216 haetenus
792 1177 821 1215 a
862 1175 972 1216 crta
997 1159 1287 1218 excludere
1318 1173 1559 1232 unquam
1583 1156 1905 1221 debeat‚aut

194 1231 354 1306 poffit
389 1250 577 1292 curam
620 1232 965 1291 conservandi
1004 1235 1445 1310 propagandique
1478 1250 1663 1290 veram
1712 1233 1820 1289 Reli
1866 1236 1905 1288 i-

196 1324 388 1370 onem,
418 1325 580 1384 quam
618 1307 751 1376 Jure
781 1309 983 1367 Divino
1014 1314 1076 1372 &
1106 1310 1461 1381 Ecclesiastico
1491 1308 1585 1384 ipsi
1617 1307 1810 1366 deman
1853 1327 1904 1365 a-

195 1399 304 1441 tam
334 1382 439 1440 effe
475 1382 633 1459 supra
682 1384 1004 1443 asseruimus.
1107 1385 1245 1443 Haec
1286 1388 1431 1444 enim
1469 1383 1733 1442 indivulse
1768 1384 1904 1441 adeo

194 1459 418 1516 summae
449 1458 504 1514 in
545 1459 833 1535 Republica
870 1461 1113 1535 potestati
1159 1461 1434 1525 cohaeret,
1479 1476 1541 1516 ut
1576 1458 1797 1533 separari
1834 1459 1903 1515 ab

195 1551 257 1591 ea
283 1534 498 1608 penitus
525 1550 636 1590 non
671 1534 846 1607 poffit.
928 1535 997 1591 Et
1037 1537 1384 1610 quantumvis
1420 1535 1694 1591 tolerantia
1729 1534 1904 1609 publi-

195 1627 259 1666 ca
290 1624 507 1666 eatenus
535 1608 607 1664 illi
640 1608 832 1665 limites
856 1624 1020 1682 ponat
1036 1646 1054 1670 ‚
1075 1627 1136 1667 ut
1167 1627 1296 1667 cum
1318 1609 1703 1670 destructione,
1728 1627 1788 1667 ac
1809 1625 1901 1666 ex-

196 1686 510 1759 timatione,
539 1698 635 1742 aut
667 1683 970 1741 turbatione
1010 1683 1228 1743 aliarum
1273 1686 1683 1743 dissentientium
1719 1702 1902 1741 exere-

195 1779 258 1817 re
283 1760 336 1816 se
366 1776 436 1816 ne
476 1775 635 1832 ueat3
671 1759 757 1815 his
803 1775 982 1816 tamen
1017 1758 1190 1822 salvis,
1221 1765 1283 1822 &
1320 1762 1523 1836 absque
1567 1760 1673 1816 ulla
1713 1778 1900 1818 earum

194 1834 423 1909 injurie,
463 1835 649 1892 umma
678 1836 878 1893 virium
909 1838 1250 1893 contentione
1288 1837 1357 1893 eo
1384 1837 1544 1894 anniti
1586 1839 1649 1896 &
1685 1839 1902 1910 poterit,

197 1916 260 1973 &
293 1909 510 1967 debebit
531 1944 549 1972 ,
576 1928 639 1968 ut
675 1909 864 1967 mediis
913 1913 1282 1986 queiscunque
1315 1914 1567 1975 innoxiis,
1597 1909 1802 1967 direffls
1839 1916 1902 1971 ὅτ.

194 1985 648 2122 ffigjregiisffuam
674 1983 922 2063 praeferat
938 2023 959 2053 ‚
979 1987 1282 2054 conservet,
1303 2005 1464 2064 atque
1493 1984 1643 2044 latius
1675 2003 1901 2062 quoque

293 2079 368 2121 un
406 2078 474 2121 at.

1032 2150 1064 2165 Α

323 2209 550 2270 XXXII.
584 2209 838 2288 Denique
864 2220 970 2270 'nec
1005 2211 1168 2288 ipsius
1203 2209 1493 2270 tolerantiae
1525 2206 1716 2268 limites
1742 2210 1900 2277 ultra,

194 2284 361 2362 quam
395 2304 493 2360 par
521 2289 634 2352 est,
668 2286 988 2346 extendendi
1030 2306 1047 2347 t
1103 2287 1180 2347 uti
1210 2302 1396 2345 monet
1429 2285 1568 2343 inter
1603 2286 1899 2344 Protestan-

197 2379 277 2420 tes
328 2362 593 2421 Dofi’torcs
641 2363 895 2421 Buddeus
923 2365 978 2420 in
1018 2360 1175 2421 Heol.
1214 2365 1410 2420 Morali
1440 2361 1596 2419 Parte
1621 2381 1675 2421 2.
1707 2366 1818 2437 Cap.
1845 2378 1899 2437 3.

197 2439 323 2495 Sec‘z‘.
344 2454 401 2509 7.-
435 2440 489 2511 ς.
526 2453 620 2498 21.
689 2439 985 2496 Tolerandi
1018 2440 1137 2497 sunt
1169 2425 1550 2500 dissentientes,
1587 2437 1656 2494 ita
1689 2455 1862 2494 tamen
1882 2477 1900 2506 ,

198 2530 263 2571 ut
299 2514 506 2571 veritati
545 2515 673 2574 inde
718 2515 931 2574 nullum
965 2532 1178 2573 creetur
1217 2514 1550 2591 perieulum,
1579 2519 1643 2576 ὅτ.
1675 2516 1767 2647 ςίιὶιὶ
1802 2532 1900 2573 no-

1750 2608 1820 2646 rae
