2144 2852
235 168 389 240 -2156
780 161 1442 244 ’ᾣῡῇἼΟΌῇὓ

365 319 367 321 ’
400 293 515 353 XII.
553 292 651 353 Ast
674 310 808 352 vera
825 294 1026 353 Christi
1054 294 1286 353 Ecclesia
1303 307 1403 359 ,ex
1422 291 1981 365 hastenus'diffisffist

222 381 228 401 ³
270 370 556 431 authorata
583 370 614 428 a
650 371 902 433 Christo,
919 369 1053 427 adeo
1071 406 1088 434 ,
1121 387 1184 428 ut
1216 372 1284 429 ab
1311 370 1569 428 omnibus
1601 371 1751 428 illam
1774 373 1982 437 audiri,

217 462 228 481 -·
273 453 337 510 &
371 464 438 504 ex
469 445 589 523 ejus
619 448 1063 520 interpretatione
1094 446 1403 504 dofflinam
1426 464 1649 503 omnem
1678 446 1859 505 salutis
1888 465 1985 506 no-

219 534 225 560 ’·
275 525 395 582 strae
436 526 497 582 &
521 520 821 596 Religionis
856 521 961 577 suae
986 524 1198 596 percipi
1234 522 1511 594 voluerit3
1547 523 1623 578 est
1655 522 1876 596 insuper
1905 526 1985 580 in-

273 595 486 658 fallibili
519 595 753 671 Spiritfis
783 596 961 653 Sansti
996 596 1276 655 affistentia
1309 601 1371 658 ὅ(
1410 599 1712 654 inerrantiae
1740 597 1984 667 donogitzi

274 674 517 734 munita,
551 687 615 729 ut
652 674 708 729 in
755 671 839 729 his
877 671 985 728 suis
1022 671 1241 747 judiciis
1259 708 1275 735 ,
1323 671 1890 746 interpretationibus,
1913 691 1984 739 sac

275 745 640 807 decisionibus
688 765 789 804 nec
840 765 1022 804 errare
1066 763 1158 804 aut
1196 745 1342 811 falli,
1375 766 1475 804 nec
1511 747 1627 804 deci
1672 765 1763 804 ere
1798 763 1891 807 aut
1908 750 1987 816 t‚in

273 841 522 881 errorem
572 822 832 880 inducere
867 823 1027 897 poffit
1067 843 1084 878 ε
1137 822 1366 880 ulterius
1405 840 1595 879 veram
1673 841 1770 879 ane
1798 823 1982 880 Eccle-

277 898 411 958 fiam
437 897 468 955 a
493 897 711 956 Christo
749 897 1092 955 authoratam
1116 897 1218 954 esse
1250 898 1415 955 solam
1439 895 1778 956 Catholicam
1793 933 1810 960 ‚
1832 897 2005 955 ex'siae

272 977 406 1050 gnis
456 978 518 1035 &
554 972 958 1031 charasteribus
990 972 1321 1048 perspicuis,
1346 973 1612 1029 moralem
1651 973 1984 1039 evidentiam

275 1048 644 1125 parientibus,
669 1049 903 1106 constat:
983 1049 1360 1126 Qamobrem
1384 1049 1517 1104 sicut
1547 1046 1795 1105 Christus
1825 1046 1986 1105 assen-

209 1135 214 1140 ’
278 1124 402 1182 sum
437 1127 602 1180 etiam
638 1126 915 1181 internum
948 1123 1056 1180 suis
1079 1123 1503 1182 revelationibus
1522 1137 1745 1196 ,utpote
1785 1122 1984 1183 verissi-

279 1202 414 1261 mis,
437 1199 802 1273 praestandum
833 1199 1033 1273 absque
1069 1199 1180 1256 ulla
1201 1198 1524 1274 Tyrannide
1553 1196 1910 1271 imperat3ita
1927 1201 1988 1258 &

278 1273 515 1330 Ecclesia
543 1273 854 1335 Catholica‚
877 1289 959 1328 tot
996 1274 1295 1347 insignibus
1328 1275 1473 1328 notis
1511 1290 1626 1346 prae
1659 1271 1774 1328 aliis
1809 1273 1983 1327 omni-

276 1347 385 1405 bus
420 1346 708 1420 conspicua
744 1351 805 1406 &
832 1347 1113 1403 evidenter
1148 1347 1465 1404 credibilior
1485 1381 1501 1408 2
1540 1346 1748 1402 nullam
1787 1344 1986 1402 consci-

277 1424 439 1479 entiis
492 1421 875 1494 Tyrannidem
926 1418 1087 1496 infert
1108 1457 1125 1484 ,
1175 1422 1272 1479 ubi
1310 1420 1639 1478 authoritate
1671 1419 1738 1475 ab
1786 1419 1986 1477 eodem

193 1568 195 1570 q
279 1496 502 1554 Christo
536 1496 632 1552 fibi
669 1496 986 1571 participata
1004 1532 1020 1559 ‚
1050 1501 1111 1557 &
1140 1496 1208 1553 ab
1247 1496 1364 1572 ipso
1403 1497 1614 1569 Spiritu
1646 1494 1845 1552 Sanfi‘to
1874 1493 1987 1554 affi-

207 1586 210 1589 ·
279 1573 478 1633 stente‚
493 1587 559 1626 ex
583 1570 939 1645 promislione
962 1571 1207 1646 ejusdem
1221 1608 1236 1635 ‚
1252 1570 1444 1628 edos&
1467 1567 1725 1626 assensum
1742 1587 1855 1626 non
1877 1585 1989 1626 tan·

275 1645 401 1705 tum
437 1662 749 1709 externum,
787 1645 878 1703 sed
905 1651 965 1708 δε
995 1649 1271 1703 internum
1296 1644 1703 1703 definitionibus
1737 1644 1846 1704 suis
1869 1662 1988 1703 om·

279 1721 411 1780 nino
444 1720 744 1778 certissimis
780 1722 1213 1798 impertiendum
1250 1723 1440 1798 exigit.

429 1871 604 1929 XIII.
645 1870 752 1928 His
787 1871 971 1946 itaque
1003 1871 1324 1947 suppositis,
1365 1888 1489 1947 quae
1527 1886 1709 1930 tamen
1739 1868 1989 1947 superius

281 1946 511 2023 probata
539 1945 660 2003 satis
695 1961 903 2022 extant,
930 1947 1078 2004 nulla
1112 1948 1380 2005 Libertati
1410 1946 1715 2004 Intellefflis
1743 1946 1988 2008 humani,

282 2026 381 2099 qui
423 2025 709 2079 veritatem
746 2022 977 2078 naturali
1031 2022 1285 2079 instinstu
1326 2020 1559 2078 sestatur
1581 2056 1598 2083 ‚
1642 2019 1991 2094 scistandique

281 2098 370 2173 jus
414 2097 602 2159 habet,
636 2094 867 2153 infertur
900 2095 1113 2172 injuria.
1231 2097 1399 2153 Sicuti
1432 2098 1579 2151 enim
1619 2094 1832 2155 homini
1864 2098 1989 2152 rati-

201 2203 203 2205 ·
284 2191 390 2228 one
429 2172 661 2246 praedito
692 2171 802 2246 ipsa
834 2170 979 2228 rebla
1011 2174 1150 2227 ratio
1182 2168 1455 2227 effiaenem
1492 2172 1548 2226 in
1578 2170 1792 2245 agendo
1824 2169 1984 2227 liber-

283 2263 449 2304 tatem
486 2263 675 2322 negat,
712 2265 811 2304 nec
847 2246 1100 2303 voluntas
1135 2247 1313 2302 nostra
1350 2244 1422 2302 ita
1454 2244 1623 2301 libera
1653 2247 1728 2302 est
1749 2281 1766 2309 ,
1798 2261 1862 2302 ut
1898 2245 1990 2302 de-

281 2323 518 2380 finamus
551 2322 653 2378 effe
689 2322 829 2379 servi
864 2321 1077 2396 justitiae
1100 2356 1116 2382 ‚
1145 2321 1616 2396 quemadmodum
1649 2323 1722 2377 ait
1754 2321 1988 2395 Aposto-

279 2397 366 2453 lus
399 2400 552 2454 Rom.
581 2400 634 2456 6.
668 2402 727 2459 δε
751 2395 1000 2472 Legibus
1034 2395 1286 2471 subjeE’ci3
1315 2396 1387 2453 ita
1422 2400 1483 2457 &
1515 2395 1798 2452 hominem
1830 2395 1990 2453 Chri-

284 2472 512 2532 stianum
546 2472 658 2549 ipsa
695 2471 896 2533 Christi
925 2470 1138 2552 Religio
1177 2488 1289 2531 non
1314 2474 1524 2548 patitur
1545 2470 1850 2556 inmodica·
1870 2473 1991 2544 opi-

358 2589 360 2592 >
1796 2561 1911 2601 mo-
