2144 2852
256 185 361 275 182
759 134 973 255 ᾠῷ
1016 175 1045 250 >
1085 195 1123 236 0
1166 175 1195 253 ’(
1239 103 1412 255 &aa

248 308 314 366 ci.
392 307 542 364 Nam
581 309 641 367 δε
675 306 824 365 hune
859 310 914 365 in
953 306 1185 365 modum
1218 306 1448 366 Naturae
1482 307 1664 383 Leges
1697 307 1948 381 positiva*

249 402 375 441 rum
403 419 419 446 .‚
470 382 553 439 uti
588 386 771 440 vocari
821 383 1017 446 solent,
1058 383 1357 442 involucris
1395 384 1596 440 vestitae
1628 387 1690 444 &
1719 385 1951 442 circum-

250 460 408 534 septae
449 456 613 532 longe
647 459 876 534 quidem
908 458 1124 534 lateque
1156 477 1256 534 per
1276 462 1560 516 civitatum
1589 460 1840 516 omnium
1861 459 1955 534 'ju-

250 555 309 592 ra
337 534 581 610 dispersae
622 534 743 592 sunt
779 551 944 610 atque
977 532 1180 593 diffusae
1207 555 1222 592 t
1263 533 1420 591 simul
1456 550 1634 592 tamen
1659 534 1846 591 civiles
1877 533 1951 592 ita

252 614 318 669 iis
353 607 587 667 confusae
619 614 679 671 ὃς
706 612 1018 671 commixtae
1058 627 1171 668 non
1208 609 1420 668 tantum
1448 646 1464 673 2
1513 627 1575 667 ut
1609 608 1705 667 has
1743 609 1811 666 ab
1846 609 1952 667 illis

251 687 524 744 secernere
562 703 646 742 res
675 686 873 743 summi
908 691 970 748 ὅτ.
1003 685 1264 761 desperati
1299 684 1413 743 fere
1451 685 1681 748 laboris,
1720 685 1949 742 doctiffi-

252 766 356 819 mis
399 780 624 838 quoque
659 764 795 819 viris
833 760 944 818 visa
979 758 1176 824 fuerit,
1216 761 1308 819 sed
1349 766 1408 823 &
1441 779 1544 836 per
1576 760 1953 836 legislatorum

252 838 498 914 ipsorum
530 836 792 894 inscitiam
839 841 901 899 ὃς
956 836 1220 894 malitiam
1266 836 1590 900 obscuratae,
1641 854 1808 913 atque
1840 852 1954 894 non

250 913 374 972 raro
408 912 630 990 penitus
665 911 862 971 eversae
891 910 1135 972 fuerunt.

380 1066 473 1123 IX.
513 1063 814 1138 Specialem
836 1061 970 1121 vero
987 1063 1084 1121 sibi
1111 1060 1526 1139 Rempublicam
1551 1062 1703 1120 Deus
1729 1058 1956 1136 ipsemet

252 1141 528 1201 constituit
542 1174 557 1201 ‚
583 1157 643 1195 ae
664 1139 965 1198 Abrahami
987 1141 1233 1214 posteros
1247 1176 1263 1202 ,
1284 1157 1351 1195 ex
1373 1139 1575 1215 quibus
1604 1137 1779 1194 filium
1797 1137 1959 1196 suum

250 1217 644 1290 Unigenitum,
668 1214 863 1270 mundi
888 1215 1260 1277 Servatorem‚
1276 1219 1337 1275 δε
1356 1232 1423 1271 ex
1466 1214 1791 1272 eetationem
1811 1214 1955 1271 Gen-

252 1297 394 1352 tium
425 1288 785 1350 naseiturum,
819 1286 1362 1346 secundhmcarnem
1444 1288 1725 1344 escendere
1760 1288 1956 1349 voluit,

253 1368 414 1425 suum
443 1363 541 1420 fibi
570 1363 848 1438 populum
876 1381 990 1438 prae
1024 1363 1121 1419 reli
1163 1365 1248 1419 uis
1277 1363 1534 1419 omnibus
1568 1363 1733 1436 elegit
1749 1361 1957 1436 ,cujus

255 1442 368 1518 ipse
402 1443 517 1499 Rex
551 1442 612 1499 &
646 1437 961 1512 Legislator
1003 1436 1107 1494 effe
1182 1439 1395 1513 ignatus
1433 1437 1535 1500 est,
1574 1453 1638 1494 ut
1670 1435 1872 1494 idcirco
1910 1440 1956 1495 is

254 1517 367 1594 ipse
387 1513 632 1591 populus
657 1514 763 1571 Dei
787 1512 991 1570 electus
1005 1549 1021 1575 ‚-
1044 1512 1292 1588 ejusdem
1310 1511 1445 1569 vero
1472 1514 1738 1588 Regimen
1765 1511 1959 1570 Theo-

253 1595 518 1652 craticum
540 1588 659 1663 jure
681 1587 1117 1662 compellaretur.
1197 1588 1392 1646 Varias
1410 1588 1495 1644 his
1509 1588 1692 1663 Leges
1717 1587 1958 1663 praescri-

254 1668 384 1746 psit,
416 1664 618 1743 quibus
654 1667 858 1739 partim
894 1682 1090 1721 eorum
1122 1663 1335 1722 cultum
1372 1664 1643 1721 Divinum
1664 1699 1680 1725 ‚
1719 1663 1961 1722 sacrifici-

258 1761 423 1803 orum
443 1741 992 1802 &Sacramentorum
1021 1739 1281 1816 legalium
1311 1738 1470 1796 usum
1500 1738 1814 1802 ordinabat,
1833 1749 1959 1814 par..

257 1823 359 1878 tim
391 1813 728 1891 Reipublicae
769 1814 1015 1888 ejusdem
1051 1818 1298 1891 regimen
1333 1813 1622 1888 politicum
1657 1818 1719 1875 &
1767 1815 1959 1879 civile,

256 1893 604 1960 subditorum
639 1885 1142 1966 imperantifimque
1179 1907 1412 1950 nexum,
1449 1894 1510 1950 &
1548 1892 1697 1948 varia
1725 1893 1850 1947 vitae
1884 1894 1958 1946 ci-

257 1964 382 2030 vilis
419 1965 598 2025 officia
631 1964 1010 2040 componebat.
1091 1964 1209 2021 Imo
1248 1968 1309 2023 &
1332 1965 1559 2020 moralia
1591 1964 1800 2022 addidit
1821 1968 1958 2038 prae-

258 2061 416 2120 eepta
438 2079 453 2107 ,
482 2043 638 2118 queis
673 2057 897 2098 morum
931 2039 1270 2114 disciplinam
1291 2039 1360 2094 ad
1398 2038 1519 2113 justi
1555 2038 1803 2113 rectique
1833 2057 1959 2096 nor-

258 2137 406 2178 mam
429 2118 611 2192 exegit
627 2132 836 2192 ‚atque
869 2133 930 2171 ea
960 2114 1015 2171 di
1061 2117 1136 2170 ito
1166 2113 1263 2169 suo
1301 2115 1358 2168 in
1394 2113 1607 2170 duabus
1640 2113 1837 2171 tabulis
1867 2115 1958 2172 de-

258 2194 462 2270 scripfit
495 2193 662 2249 Exodi
684 2208 786 2264 203
826 2207 1032 2266 quamv
1053 2207 1077 2246 s
1111 2191 1294 2244 omnia
1323 2187 1413 2244 illa
1433 2187 1577 2262 (sola
1615 2190 1959 2248 circumstan-

257 2273 331 2330 tia
361 2270 470 2327 diei
506 2267 763 2325 Sabbathi
797 2263 1054 2339 excepta)
1078 2263 1146 2320 ad
1185 2264 1402 2339 Legem
1435 2263 1604 2338 ipsam
1633 2265 1959 2323 Naturalem

258 2348 608 2422 pertinerent.
688 2343 838 2399 Nam
869 2344 929 2401 &
959 2339 1066 2413 jam
1102 2354 1222 2395 tum
1254 2342 1311 2395 in
1343 2339 1468 2413 ipsis
1503 2358 1730 2415 quoque
1761 2339 1958 2397 Israeli-

259 2425 354 2483 tis,
379 2418 591 2495 populo
624 2417 851 2493 quidem
889 2416 992 2472 Dei
1034 2413 1206 2471 elesto
1229 2450 1245 2476 ‚
1272 2414 1402 2491 ‚rudi
1436 2431 1615 2471 tamen
1651 2419 1712 2477 &
1739 2416 1955 2479 carnali,

260 2495 395 2553 adeo
444 2493 634 2551 eadem
670 2488 772 2568 per
809 2489 1299 2566 concupiscentiam
1320 2524 1338 2554 ,
1376 2489 1650 2566 pastiones
1689 2485 1958 2547 inordina-

1775 2580 1880 2625 tas>
