2144 2852
248 207 330 284 92
791 199 968 286 aaa&
1012 209 1041 284 )
1077 226 1116 268 0
1154 209 1183 285 <
1226 201 1409 290 aaron

249 341 333 397 rie
361 337 426 396 ad
467 353 565 396 nos
598 336 839 396 translata
874 342 1263 415 acceperimus,
1300 358 1401 400 nec
1431 339 1579 401 certo
1608 357 1853 421 unquam
1883 358 1955 408 ex

249 414 369 490 ipsis
403 415 714 489 Scripturis‚
742 414 825 476 illa
865 414 1007 472 fideli
1043 434 1205 472 manu
1225 455 1244 480 ‚
1273 421 1334 479 δε
1365 418 1566 476 calamo
1601 438 1710 478 non
1745 437 1957 480 errante

245 492 500 565 exieripta
534 487 1044 564 fuiffe‚cognoscere
1083 493 1337 566 poffimus
1360 492 1786 566 3-difficiilirnum
1812 496 1955 556 insu·-

243 582 345 643 per
376 566 478 630 est,
511 584 703 623 verum
741 585 922 624 earum
959 572 1021 629 ὅτ,
1056 570 1357 642 genuinum
1390 567 1594 628 sensum
1623 570 1851 648 assequi,
1888 577 1958 636 δι

242 643 570 704 diieernere‚
603 659 850 717 quaenam
878 642 1130 716 dogmata
1158 643 1356 701 ibidem
1389 647 1783 710 contineantur,
1809 666 1957 723 quae-

239 725 310 774 ve
345 717 462 792 ipsis
501 716 985 791 repugnent30i1m
1026 735 1105 776 tot
1139 719 1361 776 'obscura
1396 727 1457 782 &
1491 723 1794 797 inspeciem
1825 740 1956 782 con·

236 795 394 851 traria
428 803 741 855 occurrant,
771 795 822 849 in
855 795 1056 870 quibus
1089 812 1177 851 aut
1213 791 1361 851 facile
1393 794 1500 852 falli
1535 795 1837 871 possumus,
1861 809 1953 858 aut

238 867 498 942 iudicium
553 867 729 924 saitem
769 869 1090 942 suspendere
1124 872 1415 943 cogimur:
1472 870 1636 944 prout
1698 873 1837 930 testis
1874 874 1951 932 est

236 947 288 1000 S.
334 943 512 1000 Petrus
553 943 696 1018 Epist.
733 967 776 1001 2.
817 947 869 1001 in
909 943 1309 1019 interpretandis
1345 945 1491 1002 Pauli
1534 947 1762 1020 epistolis
1814 948 1956 1006 mui-

232 1034 320 1076 tos
352 1017 574 1082 errasse,
611 1019 829 1094 eoquod
871 1023 924 1075 in
965 1023 1023 1077 iis
1062 1020 1158 1076 sint
1198 1018 1444 1096 'quaedam
1483 1020 1712 1079 difficilia
1750 1023 1953 1081 intelle·

230 1094 356 1158 stu,
391 1112 511 1167 quae
545 1095 742 1150 indosti
781 1099 842 1154 &
871 1095 1129 1152 instabiles
1169 1095 1494 1170 depravent,
1529 1097 1659 1156 ficut
1694 1104 1756 1160 &
1788 1115 1953 1157 coete«

233 1182 316 1228 ras
341 1171 635 1246 Scripturas
668 1169 733 1227 ad
770 1169 916 1228 suam
949 1170 1182 1248 ipsorum
1218 1173 1595 1248 perditionem.

364 1321 457 1379 vi.
495 1318 828 1396 Suffragatur
862 1321 1037 1379 eidem
1065 1327 1126 1384 &
1148 1325 1468 1399 experientia
1494 1323 1803 1382 saeculorum
1831 1329 1949 1384 oni-2

231 1400 386 1457 nium
426 1397 531 1454 sole
564 1399 858 1455 meridiano
890 1398 1079 1455 clarior
1103 1433 1119 1461 ‚
1158 1401 1356 1455 nullam
1398 1399 1548 1456 fuiffe
1588 1418 1693 1456 tam
1725 1402 1944 1475 impiam

230 1475 629 1532 Haereticorum
685 1491 1147 1547 quorumcunque
1199 1474 1501 1531 sententiam
1541 1513 1557 1537 ,
1607 1492 1771 1548 quam
1830 1490 1943 1532 non

231 1549 329 1623 ipsi
367 1548 458 1604 sibi
491 1548 580 1603 visi
615 1545 815 1606 fuerint
851 1565 915 1604 ex
949 1549 1116 1606 Sacris
1149 1549 1343 1606 Literis
1392 1549 1746 1624 depromere,
1780 1566 1944 1624 atque

231 1623 358 1681 inde
390 1621 721 1681 confirmare.
836 1623 1155 1681 Hodiedum
1193 1626 1439 1683 videmus
1475 1624 1560 1681 vel
1598 1642 1756 1680 unam
1795 1626 1947 1684 istam

227 1700 427 1757 Christi
465 1699 683 1755 Domini
716 1698 1048 1756 sententiam:
1090 1700 1199 1756 Hoc
1229 1698 1294 1771 est
1330 1706 1515 1775 Corpus
1535 1719 1705 1758 meum.
1736 1702 1791 1757 in
1831 1700 1949 1758 sen·

229 1776 321 1835 sus
348 1793 454 1831 tam
487 1776 660 1829 varios
693 1778 753 1835 δε
791 1774 945 1848 piane
979 1779 1269 1833 contrarios
1303 1775 1373 1833 ita
1407 1793 1601 1833 tortam
1635 1779 1696 1836 &
1729 1776 1944 1849 amplia-

228 1866 372 1913 tam,
407 1867 465 1906 ut
491 1848 608 1923 ejus
645 1851 1099 1922 interpretationes
1137 1850 1229 1908 fibi
1266 1854 1494 1908 invicem
1517 1853 1787 1908 contrariae
1820 1867 1949 1907 om·-

229 1926 361 1983 nino
394 1925 517 1982 offro
558 1927 664 1980 inta
704 1927 969 1979 numerari
1019 1925 1217 1983 soleant
1253 1943 1270 1999 3
1310 1944 1431 2000 quae
1483 1943 1670 1983 omnes
1721 1941 1945 1983 contro-

230 2000 412 2059 verfiae
447 1999 474 2055 a
532 2000 615 2056 ola
655 2000 923 2073 Scriptura
958 2003 1117 2057 etiam
1152 2018 1218 2058 ex
1257 2000 1365 2056 aliis
1409 2001 1647 2073 ejusdem
1683 1999 1842 2061 loeis,
1875 1998 1941 2057 itt

230 2075 615 2154 praetenditur,
655 2074 964 2133 clarioribus
1017 2078 1305 2131 terminari
1334 2091 1613 2149 nunquam
1652 2088 1940 2147 poterunt,

232 2152 369 2226 eum⁴
397 2151 466 2206 de
501 2149 606 2225 ,ipsa
642 2150 724 2207 ina
758 2148 1008 2224 praetensa
1050 2151 1275 2206 aliorum
1321 2149 1752 2224 testimoniorum*
1786 2150 1944 2207 clari-

225 2245 337 2288 tate
372 2226 633 2284 dubitatio
670 2231 729 2287 &
763 2223 1118 2282 controversia
1150 2263 1166 2287 ,
1214 2241 1276 2280 ut
1311 2223 1493 2299 paffim
1529 2224 1618 2287 fit,
1651 2226 1939 2299 excitetur,

221 2309 297 2366 ·&
331 2303 412 2358 iex
450 2319 595 2358 muta
635 2302 723 2358 seu
763 2314 974 2357 mortua
1013 2297 1219 2374 semper
1262 2300 1356 2362 fit,
1389 2317 1510 2376 quae
1543 2299 1685 2363 silet,
1716 2299 1842 2357 etim
1881 2305 1938 2359 in

231 2382 404 2436 varios
440 2393 500 2432 ae
532 2378 823 2434 contrarios
860 2373 1031 2430 sensus
1074 2392 1493 2451 contorquetur,
1529 2376 1679 2450 cujus
1727 2373 1935 2433 senten-

222 2458 359 2511 -·tiam
381 2468 567 2508 neutra
599 2452 912 2524 litigantium
945 2466 1093 2522 pars,
1112 2450 1198 2506 vel
1237 2469 1338 2524 pro
1362 2450 1544 2513 se‚vel
1571 2467 1756 2524 contra
1788 2447 1840 2507 se
1865 2450 1936 2508 ia-

223 2546 375 2595 tam,
400 2526 537 2586 clare
567 2526 861 2602 intelligere
879 2525 1031 2588 ¹valet
1046 2541 1070 2604 5
1102 2525 1194 2583 sed
1249 2543 1481 2603 quaeque
1541 2528 1607 2592 in,
1635 2525 1935 2655 priiqigssuo

352 2639 366 2646 ,,
642 2612 658 2634 R
1072 2639 1077 2647 .
1736 2616 1764 2654 e
1822 2616 1862 2661 u
