2144 2852
800 233 1395 318 mavum?
1625 273 1627 275 >
1895 252 1967 314 53

270 383 457 432 omnes
491 368 638 429 orbis
659 368 841 445 'partes
879 389 1071 429 eorum
1112 368 1363 447 sanguine
1405 368 1720 434 maderent,
1744 368 1971 447 exque,

268 447 525 515 foecundo
561 446 726 503 veluti
758 446 985 510 semine,
1021 445 1300 505 Christiani
1337 447 1664 522 multiplicati
1698 484 1716 509 ‚
1765 448 1972 504 nedum

268 524 538 583 imminuti
573 523 692 579 sunt
724 562 741 586 ‚
799 527 861 584 ὅτ.
893 521 1205 597 ampliffima
1239 540 1433 582 eorum
1470 523 1615 597 seges
1648 522 1973 579 exuberavit.

269 602 418 677 Qin
458 604 520 660 δε
554 598 648 672 ipsi
688 598 832 673 Lupi
874 599 1267 673 (lmperatores
1299 598 1474 670 dico)
1528 598 1775 655 carnibus
1809 615 1976 672 agno-

269 694 395 734 rum
433 674 634 738 satiati,
673 677 724 730 in
762 692 927 747 agnos
962 672 1141 748 postea
1179 676 1366 731 mutati
1409 674 1626 732 Christo
1676 671 1779 730 sese
1811 675 1976 730 devo-

268 767 500 812 verunt,
528 767 589 806 ac
625 767 844 807 crucem
878 749 991 822 ejus
1015 752 1070 805 in
1097 748 1392 806 diademate
1419 749 1640 806 honoris
1668 749 1823 806 causa
1845 748 1977 805 seul·
2009 746 2014 751 ’

269 845 417 904 ptam
454 825 764 882 detulerunt
789 863 808 889 ‚
857 823 1080 900 ejusque
1116 825 1321 882 cultum
1359 822 1759 899 amplificarunt.
1871 824 1978 881 Nae

268 918 525 976 magnum
574 903 755 975 itaque
803 898 1053 975 profefi'to
1088 901 1399 974 prodigium
1440 900 1524 956 ille
1561 898 1650 962 fit,
1690 900 1782 973 qui
1817 915 1981 955 mun-

270 979 345 1036 do
380 976 632 1034 credente
665 993 778 1033 non
808 975 1001 1039 credit,
1037 974 1098 1033 ut
1133 978 1201 1032 ait
1229 977 1281 1033 S.
1310 975 1643 1049 Augustinus
1674 991 1689 1032 ε
1766 973 1835 1031 Et
1864 975 1981 1032 Ma-

246 1053 559 1112 ‘chiavellus
602 1050 802 1108 temere
835 1052 1057 1109 asierens
1081 1053 1288 1108 Macch.
1318 1051 1485 1107 Princ.
1521 1064 1622 1123 cap.
1643 1064 1714 1111 02,
1739 1049 1980 1126 Prophe-

269 1145 346 1188 tas
380 1130 538 1185 armis
561 1131 621 1187 &
653 1127 888 1201 potentia
923 1127 1197 1184 destitutos
1227 1143 1503 1202 nunquam
1540 1124 1799 1200 proficere
1822 1125 1980 1199 quid-

272 1221 435 1280 quam
472 1202 721 1277 potuisse,
745 1203 888 1260 suam
921 1221 1028 1259 non
1054 1201 1233 1259 minus
1262 1205 1620 1276 impietatem,
1641 1200 1803 1275 quam
1829 1205 1981 1275 igno-

269 1283 522 1341 rantiam,
561 1279 671 1335 imo
703 1277 865 1336 solem
905 1281 958 1336 in
1009 1278 1122 1354 ipso
1158 1278 1382 1335 meridie
1415 1277 1467 1334 se
1514 1294 1746 1351 negare,
1807 1279 1982 1334 osten-

271 1355 380 1418 dit,
417 1354 698 1429 postquam
741 1354 911 1430 JEsus
950 1354 1196 1412 Christus
1244 1355 1489 1411 omnium
1541 1353 1828 1409 hominum
1869 1371 1981 1408 ma-

268 1431 412 1488 xime
446 1432 658 1487 inermis
691 1430 1057 1505 acquisitiones
1093 1435 1154 1493 &
1194 1428 1436 1486 viciorias
1475 1428 1566 1485 fibi
1604 1425 1728 1484 fecit
1763 1427 1982 1484 velocis:-

269 1506 423 1564 fimas
471 1504 735 1581 aeque‚ac
765 1505 1222 1567 constantiffimas,
1268 1503 1605 1578 maximeque
1655 1520 1753 1577 per
1790 1503 1982 1560 orbem

272 1579 546 1638 exrensas:
585 1580 975 1655 Aequifitiones
1012 1583 1230 1654 inquam
1261 1579 1412 1641 tales,
1446 1595 1578 1652 quas
1611 1577 1697 1633 ille
1726 1577 1984 1636 desidera-

273 1654 393 1717 bat,
417 1656 620 1712 animos
644 1655 733 1711 fibi
766 1655 1050 1711 hominum
1075 1653 1364 1721 lucrandO,
1396 1650 1616 1709 interius
1648 1652 1763 1709 illos
1785 1655 1984 1710 immu-

274 1730 467 1791 tando,
491 1734 552 1790 &
587 1747 652 1785 ex
686 1730 832 1785 malis
865 1732 919 1784 in
957 1729 1128 1784 bonos
1165 1728 1566 1800 convertend03
1606 1727 1659 1783 id
1702 1728 1850 1802 quod
1890 1747 1984 1786 ne·-

272 1824 369 1865 mo
404 1806 531 1861 alius
570 1803 755 1861 vielor
787 1805 1038 1862 omnibus
1074 1802 1175 1862 suis
1210 1805 1376 1878 copiis
1408 1821 1468 1862 ac
1504 1805 1661 1862 armis
1693 1805 1984 1880 impetrare

272 1897 515 1958 unquam
554 1882 746 1956 potuit.

411 2032 528 2089 XII.
568 2031 669 2089 His
710 2031 962 2090 omnibus
999 2028 1223 2089 demum
1269 2030 1469 2090 accedit
1516 2030 1708 2090 Christi
1746 2031 1985 2094 Domini,

278 2105 1126 2183 &Apostolorum‚alior{1mque
1160 2106 1465 2165 Christianae
1488 2109 1766 2182 Religionis
1800 2105 1983 2163 docio-

278 2199 406 2239 rum
443 2182 956 2258 sanEIitasstpsorum
992 2201 1214 2259 quoque
1241 2183 1472 2239 hostium
1505 2184 1807 2240 testimoniis
1838 2199 1985 2238 com-

275 2259 530 2331 ·probata3
566 2258 727 2331 ipfius
753 2259 1008 2315 docirinae
1043 2259 1110 2314 ab
1142 2261 1290 2315 omni
1326 2261 1456 2314 vitio
1482 2263 1541 2318 &
1568 2275 1751 2314 errore
1785 2259 1984 2312 immu-

279 2334 362 2388 nis
395 2334 597 2405 puritas
628 2350 687 2389 ac
721 2336 910 2389 veritas
930 2369 944 2395 ,
978 2331 1203 2408 ejusque
1239 2334 1553 2391 diuturnitas
1582 2352 1642 2391 ac
1673 2332 1984 2388 invincibilis

281 2424 380 2481 per
414 2422 493 2463 tor
541 2406 721 2463 saecula
759 2407 1011 2481 firmitas3
1050 2426 1172 2483 quae
1203 2411 1382 2465 omnia
1427 2408 1722 2466 luculenter
1770 2408 1985 2481 persua-

281 2481 413 2538 dent
442 2519 460 2543 ,
496 2483 697 2538 nonnisi
746 2483 775 2539 a
810 2484 927 2540 Deo
977 2483 1117 2539 illam
1159 2484 1475 2540 descendere
1521 2483 1682 2541 solam
1729 2482 1985 2557 potuisse,

280 2560 376 2631 qui
416 2557 552 2615 solus
586 2556 820 2623 sanetus,
854 2559 992 2630 solus
1025 2576 1213 2621 verax,
1252 2562 1313 2618 &
1350 2558 1493 2618 solus
1530 2558 1873 2620 immutabilis
1896 2575 1986 2615 ex-

279 2632 398 2689 istit.

1079 2705 1133 2763 G
1171 2722 1203 2781 3
1764 2706 1907 2765 XIII.
