2144 2852
735 205 914 288 *⁶³3⁵
958 209 989 284 )
1027 226 1066 268 0
1103 207 1133 282 (
1166 205 1352 302 *a*
1793 219 1910 280 239

194 357 375 415 neque
403 338 509 398 hoc
545 339 666 397 loeo
703 339 1063 398 omittendum
1090 376 1110 403 ,
1148 356 1238 397 aut
1276 337 1735 400 dissimulandum,
1760 335 1913 412 quod

192 415 383 473 ltalicae
421 417 770 491 Inquifitionis
819 417 1156 492 Magistratus
1198 414 1727 473 mitiffimiomnium
1780 414 1910 478 fixit,

190 491 436 565 aelonge
463 494 673 549 minore
697 492 903 555 saltem,
933 490 1097 564 quam
1121 490 1341 566 reliqui,
1363 489 1635 547 severitate
1664 505 1912 563 utantur3

191 565 319 623 etim
356 565 520 624 Sedes
555 567 661 640 ipsa
701 569 1005 644 Apostolica
1043 567 1147 625 hoc
1190 566 1420 623 tribunal
1460 566 1771 622 medicinale
1809 563 1911 621 effe

188 644 422 699 voluerit
450 678 464 705 ,
502 642 972 719 non'asperitatis,
998 647 1058 704 &
1095 642 1444 701 inclementiae
1482 660 1684 699 meram
1736 640 1911 697 vindi-

189 717 332 776 &am
369 716 654 777 inferentis.
769 720 890 777 Nec
930 736 1106 777 tamen
1136 721 1294 775 etiam
1333 717 1463 775 illud
1503 720 1780 792 ignoratur
1804 756 1818 778 ‚
1856 719 1911 773 in

189 793 275 852 his
303 793 440 851 'adeo
477 796 791 858 Provinciis,
822 795 1036 867 insuper
1073 794 1249 852 habita
1287 793 1478 867 magna
1519 793 1734 850 Romani
1769 793 1911 849 Pon·
1979 850 1982 851 γ

189 869 340 927 tificis
377 870 725 935 aurhoritate,
753 871 957 928 nonnisi
991 888 1188 943 magno
1222 887 1348 927 cum
1389 869 1596 931 labore,
1627 872 1688 928 δε
1715 869 1911 924 iteratis

189 944 428 1019 ipsorum
463 946 842 1021 Inquisitorum
883 946 1143 1008 caedibus,
1179 945 1290 1002 imo
1328 947 1467 1005 &in
1502 944 1651 1002 Urbe
1679 945 1910 1003 Romana

189 1021 399 1079 nonnisi
434 1021 596 1081 serius
631 1021 845 1082 stabiliri
885 1026 947 1085 δε
979 1021 1176 1081 firmari
1212 1021 1353 1080 illam
1389 1019 1626 1099 potuisse.

193 1220 197 1226 .
342 1172 565 1230 XXXII.
608 1171 796 1231 Minus
820 1175 987 1248 igitur
1019 1170 1434 1231 succensendum
1474 1170 1550 1229 est
1584 1169 1691 1228 aliis
1719 1170 1910 1244 Regnis

190 1245 555 1306 &Provinciis
576 1249 1023 1312 Ultramontanis,
1041 1248 1193 1323 quod
1217 1247 1486 1306 Tribunal
1516 1246 1646 1302 illud
1675 1248 1909 1303 necdum

189 1322 507 1395 adoptat-int.
632 1324 898 1382 Amarunt
942 1326 1148 1399 quippe
1194 1324 1466 1398 pieraeque
1514 1323 1771 1379 Nationes
1820 1320 1909 1380 vel

188 1398 425 1455 maxime
462 1399 750 1458 Catholicae
801 1400 1022 1459 suorum
1074 1402 1251 1475 potius
1286 1398 1681 1472 Episcoporum
1717 1397 1909 1470 judicia

188 1473 296 1530 hac
331 1476 382 1530 in
412 1492 470 1530 re
502 1478 756 1550 experiri,
792 1477 955 1550 quam
994 1491 1270 1533 extraneos
1301 1472 1523 1548 Judices
1553 1472 1907 1528 extraordina-

189 1550 297 1620 rios
337 1554 398 1609 &
437 1565 548 1605 non
583 1550 887 1608 necessarios
940 1550 1032 1607 fibi
1070 1549 1230 1623 super
1273 1551 1442 1620 capita
1491 1549 1729 1620 imponi,
1769 1564 1908 1622 quos

191 1623 417 1682 demum
467 1625 520 1680 in
562 1625 832 1682 Tribunal
879 1625 1212 1683 ordinarium
1255 1623 1494 1680 abituros
1541 1622 1682 1684 esse,
1731 1639 1908 1682 metus

189 1717 303 1757 non
332 1701 496 1756 inanis
528 1696 716 1756 fuerat.
792 1700 958 1773 Reges
997 1703 1058 1760 &
1095 1698 1362 1770 Principes
1395 1714 1503 1753 non
1535 1696 1670 1755 adeo
1700 1695 1904 1756 affefiia-

189 1776 350 1838 bant,
386 1776 679 1849 peregrinis
719 1774 1025 1831 hominibus
1058 1791 1211 1831 novae
1246 1772 1642 1848 Jurisdifflonis
1678 1772 1904 1830 admini-

190 1853 306 1909 stris
342 1850 580 1906 subditos
616 1848 736 1906 suos
775 1849 1176 1923 derelinquere,
1224 1848 1336 1904 imo
1375 1847 1441 1905 ad
1494 1848 1692 1903 horum
1740 1851 1904 1906 inter-

190 1925 716 2002 necionem‚absque
739 1925 841 1982 ulla
866 1923 1136 1998 processus
1158 1923 1445 1986 revifione,
1472 1920 1783 1980 famulitiam
1815 1940 1902 1982 ex-

190 2004 450 2060 ecutionis
487 2018 709 2075 operam
747 2001 1131 2063 commodare,
1165 2000 1234 2057 de
1273 2001 1468 2076 quibus
1506 2002 1668 2056 timor
1702 1995 1902 2063 fuerat,

192 2096 264 2136 ne
300 2077 531 2134 mandati
566 2075 774 2151 regulas
809 2075 1289 2150 transgrediantur,
1323 2073 1615 2149 culpasque
1647 2091 1707 2150 ag:
1741 2074 1902 2149 suspi-

194 2152 371 2212 ciones
394 2150 1116 2229 augeant‚exaggerentque,
1151 2169 1211 2209 ut
1247 2151 1334 2214 sit,
1367 2153 1518 2225 quod
1553 2165 1725 2224 agant.
1798 2148 1900 2224 Ipsi

193 2229 418 2286 demum
459 2228 731 2301 Episcopi,
765 2243 885 2285 utut
915 2226 1100 2291 zelofi,
1123 2231 1184 2288 &
1224 2226 1470 2283 Eeclefias
1507 2225 1617 2282 suas
1650 2225 1714 2280 ab
1750 2227 1899 2283 omni

190 2304 309 2361 labe
347 2301 619 2359 Haereseos
656 2320 814 2372 puras
845 2319 1182 2378 exoptantes,
1214 2302 1389 2359 eidem
1416 2318 1594 2358 tamen
1623 2299 1899 2358 Tribuna-

190 2380 228 2437 li
282 2377 450 2453 usque
493 2378 560 2434 ab
610 2379 758 2434 initio
815 2377 918 2435 sese
967 2378 1336 2453 opposuerunt
1366 2414 1385 2440 ‚
1434 2377 1649 2433 scientes
1676 2413 1695 2439 ‚
1745 2376 1898 2450 quod

146 2453 160 2467 ”
192 2453 329 2512 mala
368 2459 429 2514 &
464 2452 834 2516 incommoda,
871 2451 1045 2511 forsan
1097 2453 1277 2509 haeresi
1316 2451 1423 2525 ipsa
1462 2469 1569 2509 non
1600 2451 1897 2511 admodum

188 2528 429 2594 minora,
450 2531 608 2588 etiam
628 2530 689 2587 in
720 2529 932 2606 easdem
955 2529 1206 2588 Ecclesias
1237 2528 1348 2588 suas
1380 2527 1560 2587 induci
1583 2528 1778 2662 p‘iiffim
1801 2545 1898 2600 per

859 2629 862 2633 '
1678 2620 1816 2681 yP0·
