2144 2852
758 193 934 275 Q*
977 196 1147 274 )0·(
1192 195 1367 275 ³503&ss
1788 206 1921 268 τῆς

202 323 410 382 Sanctis
443 324 684 384 Patribus
717 329 978 401 purioris,
1009 326 1073 385 iit
1104 328 1284 403 ajunt,
1321 326 1563 386 Ecclesiae
1598 327 1819 403 probata
1845 335 1921 386 'ac

202 398 550 473 depraedicata
586 403 909 477 ostendunt3
987 401 1131 462 Cum
1153 404 1352 468 statim,
1374 404 1468 462 ubi
1494 402 1736 477 primum
1762 402 1922 465 Chri-

198 475 374 532 stianae
411 475 531 533 fidei
568 477 640 534 illi
666 477 769 536 sese
793 478 1255 544 submiserunt,&
1279 479 1383 554 jam
1409 479 1622 553 pridem
1661 496 1781 536 ante
1805 481 1921 539 Au·

196 551 394 625 gustini
451 570 663 616 aevum,
686 554 939 612 adversus
972 555 1269 613 Haereticos
1306 559 1366 616 &
1400 556 1643 612 'mimicos
1677 554 1921 613 Ecclefiae

196 626 396 683 Christi
435 627 643 702 legibus
680 629 784 687 suis
822 630 1168 693 decertarint,
1204 630 1304 687 hos
1337 629 1678 704 exagitat-int,
1701 629 1918 688 mulffis

199 704 357 758 variis
391 707 451 763 &
485 706 653 778 poenis
682 705 1107 778 compescuerint
1135 706 1509 763 Constantinus
1537 706 1918 779 Magnus2Va-

198 775 516 835 lentinianus
544 778 741 844 senior,
778 781 1062 838 Gratianus
1095 785 1154 840 &
1184 780 1530 838 Theodosius
1563 781 1805 854 Magnus
1835 798 1917 837 re·

196 849 406 910 ferente
443 854 585 928 leges
618 855 725 912 illas
752 857 938 914 codice
978 855 1360 913 Theodosiano
1391 854 1571 930 aeque,
1602 873 1664 913 ac
1695 856 1918 930 justini,-

196 944 371 991 anaeo‚
399 934 460 990 &
489 930 797 988 testantibus
830 930 1084 994 Eusebio,
1121 932 1367 995 Socrate,
1394 931 1733 993 Sommeao,
1757 931 1915 988 Tbe-

196 1003 451 1067 odoreto,
488 1006 830 1080 Hieronymo
866 1012 927 1068 δε
962 1007 1070 1064 aliis
1109 1025 1122 1066 :
1166 1009 1362 1082 ·Qeis
1392 1007 1769 1080 Augustorum
1802 1005 1915 1063 edi-

198 1078 324 1141 ctis,
358 1080 507 1143 zelo,
542 1086 603 1142 &
643 1084 742 1155 piae
778 1082 1029 1156 asperitati
1066 1082 1290 1155 jamtum
1327 1080 1571 1156 Episcopi
1609 1081 1790 1138 laudes
1823 1081 1914 1140 adv·

195 1152 490 1228 jungebant
531 1173 546 1228 3
587 1174 647 1215 ut
684 1157 769 1214 vel
813 1157 938 1215 inde
979 1156 1128 1216 facile
1156 1158 1399 1216 constare
1436 1157 1594 1231 possit
1634 1157 1687 1214 S.
1719 1160 1914 1231 Augu·-

192 1229 390 1286 stinum
429 1249 604 1307 neque
641 1236 878 1305 primum
913 1233 1190 1291 auctorem
1232 1231 1421 1294 fuisse,
1460 1249 1638 1306 neque
1671 1234 1913 1306 primum

191 1302 522 1363 laudatorem
546 1306 791 1365 adhibitae
819 1309 951 1365 olim
986 1309 1015 1365 fi
1047 1309 1278 1382 Regibus
1304 1310 1361 1364 in
1388 1309 1684 1365 Haereticos
1722 1306 1911 1364 Ethni-

193 1379 396 1454 cosque
431 1380 692 1456 subjeetos
725 1383 1022 1442 severitatis,
1093 1385 1245 1453 Quid
1271 1383 1293 1440 ἓ
1333 1382 1486 1458 quod
1513 1382 1601 1439 hic
1628 1381 1735 1455 ipse
1762 1380 1911 1455 prius

193 1456 249 1510 in
288 1461 400 1529 Cap.
434 1474 475 1512 1.
509 1458 627 1515 Lib.
664 1473 816 1516 cont-r.
847 1458 993 1532 Eptst.
1037 1461 1270 1516 Manich.
1295 1498 1309 1519 ‚
1358 1475 1523 1530 quem
1560 1457 1784 1514 Sanfi’cus
1823 1457 1911 1514 hic

192 1527 400 1585 Doctor
445 1531 744 1606 conscripsit
785 1537 992 1590 circiter
1041 1552 1238 1588 annum
1285 1532 1478 1587 Christi
1532 1531 1910 1592 CCCXCVH,

193 1604 647 1661 mansuetudinem
681 1607 856 1680 potius
892 1608 1149 1664 severitati
1180 1606 1451 1680 praetulit:
1482 1604 1706 1662 edofilus
1731 1622 1907 1663 tamen

196 1680 324 1736 tristi
361 1680 721 1754 experientia,
769 1682 932 1753 quam
966 1679 1158 1755 parum
1209 1680 1312 1737 sola
1362 1679 1462 1736 hac
1495 1679 1904 1738 mansuetudine

195 1755 590 1811 Haereticorum
625 1757 948 1830 plerumque
978 1758 1398 1830 pervicaciorum
1438 1759 1498 1814 &
1532 1754 1700 1828 magis
1732 1755 1902 1812 obdu·

195 1847 434 1886 ratorum
460 1830 605 1887 saluti
630 1831 1048 1905 prospiceretur,
1069 1834 1122 1887 in
1151 1830 1302 1887 aliam
1338 1831 1512 1904 postea
1537 1832 1672 1886 circa
1697 1847 1900 1887 annum

194 1905 505 1963 CCCCXII.
539 1905 876 1969 sententiam,
910 1907 1063 1982 aeque
1105 1923 1280 1964 tamen
1318 1906 1487 1979 piam,
1521 1903 1758 1961 charitati
1795 1905 1900 1978 Ju-

194 1980 449 2055 stitiaec'lue
482 1982 795 2046 contonam,
822 1986 883 2043 &
913 1981 1172 2056 praeterea
1199 1981 1438 2038 Ecclesiae
1457 2015 1476 2042 ‚
1509 1978 1742 2053 ipsisque
1774 1997 1897 2053 per-

195 2058 456 2114 tinacibus
489 2058 757 2114 utiliorem
789 2095 808 2121 ‚
853 2057 1008 2121 abiit,
1043 2063 1102 2119 &
1134 2057 1342 2113 meliori
1376 2056 1428 2111 se
1475 2053 1691 2111 consilio
1725 2053 1898 2113 abiiffe

195 2130 414 2203 ipsemet
451 2130 677 2197 fatetur,
705 2132 933 2209 eamque
966 2136 1019 2190 in
1049 2131 1198 2207 Epist.
1226 2148 1316 2205 93.
1347 2132 1418 2187 ad
1463 2131 1677 2187 Vincent.
1714 2129 1896 2190 multis

193 2206 484 2263 rationibus
516 2209 582 2264 eo
614 2211 929 2265 coacervatis
962 2209 1183 2284 probat,
1215 2207 1405 2264 merito
1441 2204 1697 2263 nimirum
1730 2205 1895 2263 reste-

194 2306 305 2364 que
342 2283 594 2341 adversus
631 2283 997 2342 Schismaticos
1048 2283 1451 2358 Haereticosque
1491 2280 1673 2354 legum
1707 2279 1894 2337 autho-

196 2367 434 2423 ritatem,
460 2356 880 2433 Principfimque
905 2359 1108 2434 gladios
1137 2358 1407 2434 implorari
1443 2355 1613 2431 posse,
1642 2355 1810 2414 modo
1838 2355 1892 2413 id

194 2437 285 2495 fiat
315 2438 496 2493 animo
525 2434 849 2508 corrigendi,
886 2441 947 2496 ὃς
980 2434 1212 2497 sanandi,
1240 2451 1348 2491 non
1381 2431 1554 2490 studio
1591 2431 1895 2489 vindicandi

194 2518 258 2576 &
285 2509 575 2589 perdendi,
599 2515 662 2572 &
690 2511 746 2567 in
769 2510 972 2586 Spiritu
1001 2511 1264 2570 charitatis
1293 2508 1515 2573 Christi,
1543 2508 1636 2583 qui
1669 2524 1896 2639 nogitve-
