2144 2852
756 169 933 298 *ab
977 215 1080 291 >0
1115 215 1146 291 (
1188 211 1387 295 Μ·
1792 187 1909 279 τοί

254 360 256 362 ’
346 342 591 406 XXVIII.
631 342 918 403 Habemus
955 343 1046 401 hle
1076 343 1304 404 demum
1326 345 1551 416 rursus,
1589 343 1687 404 ubi
1734 348 1913 407 etiam.

200 424 258 481 in
284 422 542 498 practicis
574 421 776 496 pedem
807 419 1031 478 firmum
1061 419 1291 495 figamus
1321 443 1358 494 t,
1391 422 1680 480 Habemus
1706 417 1914 499 fiandaffi

199 514 476 559 mentum,
504 498 595 553 cui
618 498 938 559 innitamur,
970 496 1232 553 Divinam
1255 497 1452 556 scilieet
1475 497 1901 563 Revelationem.

201 579 265 635 δε
290 571 537 631 Eeclefiae
575 571 959 629 authoritatem
997 571 1261 629 divinitus
1295 575 1688 648 participatam.
1764 574 1919 634 Abs-

202 666 315 725 que
343 646 444 705 hac
475 646 727 704 nonnulli
757 647 984 721 gentiles
1010 645 1181 711 olim,
1213 649 1387 706 multa
1421 648 1650 724 quidem
1682 650 1741 705 in
1761 649 1919 725 Jure·

201 725 431 781 Natura:
468 722 856 797 perviderunt,
895 739 1008 778 non
1044 736 1229 780 tamen
1281 726 1560 798 integrum
1589 725 1646 779 in
1673 738 1788 781 tota
1812 723 1919 784 sua.

202 798 490 856 latitudine
513 833 530 861 ,
579 815 679 854 nec
726 797 931 872 absque
968 800 1121 853 omni
1158 802 1360 856 erroris
1386 797 1663 873 periculo,
1691 796 1755 855 iit
1785 799 1918 873 ipsi..

200 890 316 931 met
350 873 662 934 advertere,
696 890 808 930 non
837 872 1003 928 ⁴aliam
1037 872 1112 929 ob
1144 873 1359 931 causam
1378 909 1395 937 ‚
1435 871 1604 949 quam
1634 872 1790 950 quod
1826 892 1921 946 re..-

183 948 472 1006 -ve'latione
504 947 704 1005 Divina
718 983 734 1010 ‚
777 965 943 1024 quam
976 945 1334 1022 suspirabant,
1358 954 1628 1012 carerent.
1654 1005 1656 1009 ,
1722 948 1911 1011 Parata

203 1039 388 1090 autem
421 1023 498 1080 est
528 1027 590 1084 &
628 1026 643 1078 i
690 1023 754 1080 sis
790 1022 1026 1080 revelata
1077 1021 1170 1079 illa
1202 1021 1472 1082 divinitus
1505 1022 1719 1098 Religio
1768 1022 1909 1084 hanc

202 1098 511 1161 doarinam
543 1113 624 1155 tra
662 1109 758 1156 ens
783 1133 802 1161 ‚
832 1102 915 1160 ’δε
946 1095 1101 1155 facile
1130 1097 1336 1172 praevia
1363 1099 1527 1155 etiam
1561 1096 1668 1156 sola
1697 1101 1921 1159 ratione.

201 1172 607 1248 dig-nostibilis,
632 1190 702 1230 ex
779 1193 849 1231 ua
882 1176 941 1231 in
974 1172 1144 1248 ipsam
1177 1191 1404 1250 quoque
1431 1172 1780 1233 certiffimam
1811 1175 1922 1238 dc«,

201 1247 389 1306 strinae
422 1247 588 1323 hujus
615 1266 770 1306 mora
792 1251 837 1307 is
863 1250 1114 1305 notitiam
1145 1245 1356 1310 facilius
1385 1248 1742 1306 deducentur.
1823 1251 1909 1307 In-

199 1327 367 1381 terim
417 1340 709 1399 quousque
755 1326 820 1381 iis
857 1323 1088 1398 ipsamet.
1121 1323 1418 1398 Religionis
1467 1322 1786 1382 Christianae
1826 1326 1907 1383 di-

204 1401 409 1456 vinitus
443 1398 694 1456 revelatae
719 1400 1024 1474 ignorantia
1055 1399 1385 1457 invincibilis
1417 1399 1519 1470 est;
1549 1397 1788 1474 eousque
1815 1418 1909 1474 pa·

202 1477 338 1531 riter
368 1472 674 1530 eorundem
711 1476 852 1531 circa
880 1473 1223 1548 particularia
1253 1475 1409 1548 Juris
1447 1475 1676 1530 Naturae
1711 1492 1924 1547 praece2„

202 1563 300 1623 pta
332 1546 632 1621 praesertim
663 1550 960 1604 remotiora
993 1565 1148 1603 error
1177 1549 1330 1603 omni
1352 1545 1515 1620 culpa
1542 1551 1603 1607 &
1635 1563 1788 1605 reatu
1819 1568 1910 1606 va·

205 1622 365 1681 cabit.
481 1618 763 1683 Coeteriim
798 1620 994 1678 sufficit
1016 1656 1033 1683 ‚
1070 1619 1223 1696 quod
1257 1620 1462 1677 nullam
1499 1636 1748 1695 gentem,
1784 1642 1910 1699 quae

203 1697 437 1774 quidem
474 1694 624 1752 sensu
673 1697 954 1751 communi
984 1695 1222 1770 gaudeat
1252 1730 1268 1757 ‚
1321 1712 1420 1751 nec
1447 1694 1670 1769 prorsus
1707 1696 1922 1766 obbru,

209 1776 402 1836 tuerit,
441 1772 683 1845 reperire
714 1788 962 1846 unquam
1001 1768 1092 1834 fit,
1128 1787 1250 1845 quae
1283 1768 1554 1827 doctrinas
1590 1773 1822 1831 morales
1854 1777 1911 1832 in

205 1849 368 1909 Sacra
415 1848 697 1920 Scriptura
742 1861 1022 1902 contentas
1064 1850 1125 1906 &
1163 1844 1409 1902 Ecclesiae
1443 1843 1647 1919 judicio
1679 1845 1912 1912 declara,

204 1941 318 1986 ms,
347 1923 386 1980 fi
421 1922 527 1978 illis
562 1930 998 1995 exponerentur,
1022 1918 1230 1995 (proiit
1266 1937 1334 1976 ex
1364 1919 1449 1976 his
1472 1918 1595 1977 solis
1622 1923 1911 1997 principiis

207 1998 333 2057 tuto
366 2003 427 2059 &
450 1995 656 2071 absque
687 1997 838 2053 omni
861 1998 1063 2053 erroris
1087 1995 1333 2071 periculo
1356 1997 1557 2069 exponi
1577 1994 1606 2051 a
1633 1996 1922 2081 Magistris,

209 2093 274 2132 ac
301 2073 650 2130 Miffionariis
673 2070 924 2147 possunt)
953 2089 1065 2127 non
1102 2070 1352 2146 agnoscat
1386 2068 1700 2127 naturaliter
1728 2072 1909 2148 justas:

211 2166 273 2206 ac
308 2151 366 2204 in
396 2147 522 2223 ipsis
555 2147 663 2204 illis
689 2183 705 2210 ,
746 2164 880 2222 quas
931 2145 1199 2203 adversus·
1222 2145 1491 2219 serpentes
1521 2144 1637 2202 illas
1668 2144 1912 2204 laxitates

212 2238 537 2281 memoratas
551 2222 729 2296 aeque,
748 2239 808 2277 ac
830 2221 1191 2279 immodicum
1216 2223 1261 2277 ri
1303 2238 1456 2277 orem
1470 2220 1680 2277 Summi
1693 2221 1913 2279 Pontifi-

210 2294 633 2357 ces&Concilia
656 2295 956 2370 vulgarunt
972 2295 1236 2359 ‚censuris
1279 2294 1629 2369 plendentem
1652 2295 1914 2356 doctrinae

216 2376 498 2448 vigorem,
529 2374 596 2430 δε
615 2388 744 2427 cum
776 2369 920 2428 resta
949 2374 1156 2428 ratione
1178 2369 1489 2427 consensum
1510 2386 1622 2426 non
1651 2387 1914 2445 poterunt

213 2465 328 2505 non
361 2446 550 2502 mirari
575 2447 742 2501 etiam
778 2446 884 2502 istae
913 2462 1128 2521 gentes,
1160 2464 1281 2520 quae
1315 2444 1477 2500 solius
1511 2447 1763 2512 rationis,
1783 2462 1912 2511 utut

216 2521 442 2582 infirmae
464 2522 526 2585 ὅτ,
547 2519 832 2603 instabilis,
856 2520 1099 2657 ἀυᾶωῐέ
1117 2519 1265 2596 sequi
1291 2518 1341 2577 se
1368 2518 1582 2597 jaciant.
1656 2521 1787 2581 Sive
1813 2525 1914 2597 igi·

1116 2612 1146 2651 C
1745 2613 1838 2658 tur
