<?xml version="1.0" encoding="UTF-8"?>
<!DOCTYPE html PUBLIC "-//W3C//DTD XHTML 1.0 Transitional//EN"
    "http://www.w3.org/TR/xhtml1/DTD/xhtml1-transitional.dtd">
<html xmlns="http://www.w3.org/1999/xhtml" xml:lang="en" lang="en">
 <head>
  <title>
</title>
<meta http-equiv="Content-Type" content="text/html;charset=utf-8" />
  <meta name='ocr-system' content='tesseract 3.04.00' />
  <meta name='ocr-capabilities' content='ocr_page ocr_carea ocr_par ocr_line ocrx_word'/>
</head>
<body>
  <div class='ocr_page' id='page_1' title='image "./dissertatioprior00bartuoft_0161.png"; bbox 0 0 2144 2852; ppageno 0'>
   <div class='ocr_carea' id='block_1_1' title="bbox 752 172 1911 285">
    <p class='ocr_par' dir='ltr' id='par_1_1' title="bbox 752 172 1911 285">
     <span class='ocr_line' id='line_1_1' title="bbox 752 172 1911 285; baseline -0.005 0"><span class='ocrx_word' id='word_1_1' title='bbox 752 172 1360 285; x_wconf 52' lang='lat' dir='ltr'>*eamcam</span> <span class='ocrx_word' id='word_1_2' title='bbox 1805 223 1911 279; x_wconf 82' lang='lat'>147</span> 
     </span>
    </p>
   </div>
   <div class='ocr_carea' id='block_1_2' title="bbox 179 332 1911 2292">
    <p class='ocr_par' dir='ltr' id='par_1_2' title="bbox 179 332 1911 2292">
     <span class='ocr_line' id='line_1_2' title="bbox 206 332 1910 411; baseline 0 -19"><span class='ocrx_word' id='word_1_3' title='bbox 206 334 543 398; x_wconf 81' lang='lat' dir='ltr'>„crescamus</span> <span class='ocrx_word' id='word_1_4' title='bbox 578 335 638 391; x_wconf 75' lang='lat' dir='ltr'>inv</span> <span class='ocrx_word' id='word_1_5' title='bbox 668 332 761 390; x_wconf 93' lang='lat' dir='ltr'>illo</span> <span class='ocrx_word' id='word_1_6' title='bbox 800 344 922 409; x_wconf 78' lang='lat' dir='ltr'>per·</span> <span class='ocrx_word' id='word_1_7' title='bbox 942 337 1154 397; x_wconf 85' lang='lat' dir='ltr'>omnia,</span> <span class='ocrx_word' id='word_1_8' title='bbox 1194 338 1290 411; x_wconf 91' lang='lat' dir='ltr'>qui</span> <span class='ocrx_word' id='word_1_9' title='bbox 1327 336 1403 392; x_wconf 90' lang='lat' dir='ltr'>est</span> <span class='ocrx_word' id='word_1_10' title='bbox 1430 347 1606 409; x_wconf 75' lang='lat' dir='ltr'>‘caput</span> <span class='ocrx_word' id='word_1_11' title='bbox 1641 333 1910 406; x_wconf 57' lang='lat' dir='ltr'>Christus„</span> 
     </span>
     <span class='ocr_line' id='line_1_3' title="bbox 204 408 1906 486; baseline -0.001 -18"><span class='ocrx_word' id='word_1_12' title='bbox 204 411 291 468; x_wconf 87' lang='lat' dir='ltr'>Ex</span> <span class='ocrx_word' id='word_1_13' title='bbox 327 428 441 486; x_wconf 91' lang='lat' dir='ltr'>quo</span> <span class='ocrx_word' id='word_1_14' title='bbox 475 408 777 467; x_wconf 88' lang='lat' dir='ltr'>luculenter</span> <span class='ocrx_word' id='word_1_15' title='bbox 808 425 984 486; x_wconf 80' lang='lat' dir='ltr'>patet,</span> <span class='ocrx_word' id='word_1_16' title='bbox 1010 427 1111 466; x_wconf 87' lang='lat' dir='ltr'>nos</span> <span class='ocrx_word' id='word_1_17' title='bbox 1135 429 1324 468; x_wconf 85' lang='lat' dir='ltr'>omnes</span> <span class='ocrx_word' id='word_1_18' title='bbox 1361 410 1462 467; x_wconf 86' lang='lat' dir='ltr'>hac</span> <span class='ocrx_word' id='word_1_19' title='bbox 1496 413 1551 466; x_wconf 91' lang='lat' dir='ltr'>in</span> <span class='ocrx_word' id='word_1_20' title='bbox 1587 413 1700 467; x_wconf 86' lang='lat' dir='ltr'>vita</span> <span class='ocrx_word' id='word_1_21' title='bbox 1733 409 1805 466; x_wconf 93' lang='lat' dir='ltr'>ob</span> <span class='ocrx_word' id='word_1_22' title='bbox 1829 413 1906 466; x_wconf 87' lang='lat' dir='ltr'>in-</span> 
     </span>
     <span class='ocr_line' id='line_1_4' title="bbox 202 482 1910 548; baseline 0.001 -7"><span class='ocrx_word' id='word_1_23' title='bbox 202 485 543 548; x_wconf 81' lang='lat' dir='ltr'>firmitatem,</span> <span class='ocrx_word' id='word_1_24' title='bbox 584 485 894 548; x_wconf 87' lang='lat' dir='ltr'>levitatem,</span> <span class='ocrx_word' id='word_1_25' title='bbox 927 505 987 542; x_wconf 85' lang='lat' dir='ltr'>ac</span> <span class='ocrx_word' id='word_1_26' title='bbox 1025 487 1431 544; x_wconf 80' lang='lat' dir='ltr'>inconstantiam</span> <span class='ocrx_word' id='word_1_27' title='bbox 1468 482 1768 543; x_wconf 60' lang='lat' dir='ltr'>intellectus</span> <span class='ocrx_word' id='word_1_28' title='bbox 1805 485 1910 542; x_wconf 86' lang='lat' dir='ltr'>hu-</span> 
     </span>
     <span class='ocr_line' id='line_1_5' title="bbox 201 559 1905 636; baseline 0.001 -20"><span class='ocrx_word' id='word_1_29' title='bbox 201 562 347 617; x_wconf 87' lang='lat' dir='ltr'>mani</span> <span class='ocrx_word' id='word_1_30' title='bbox 400 562 456 616; x_wconf 90' lang='lat' dir='ltr'>in</span> <span class='ocrx_word' id='word_1_31' title='bbox 505 561 669 619; x_wconf 87' lang='lat' dir='ltr'>rebus</span> <span class='ocrx_word' id='word_1_32' title='bbox 716 561 934 618; x_wconf 86' lang='lat' dir='ltr'>Divinis</span> <span class='ocrx_word' id='word_1_33' title='bbox 973 563 1030 617; x_wconf 90' lang='lat' dir='ltr'>in</span> <span class='ocrx_word' id='word_1_34' title='bbox 1077 561 1214 619; x_wconf 81' lang='lat' dir='ltr'>statu</span> <span class='ocrx_word' id='word_1_35' title='bbox 1251 578 1557 636; x_wconf 88' lang='lat' dir='ltr'>puerorum</span> <span class='ocrx_word' id='word_1_36' title='bbox 1607 559 1709 618; x_wconf 85' lang='lat' dir='ltr'>effe</span> <span class='ocrx_word' id='word_1_37' title='bbox 1734 597 1749 623; x_wconf 82' lang='lat'>‚</span> <span class='ocrx_word' id='word_1_38' title='bbox 1808 563 1905 636; x_wconf 91' lang='lat' dir='ltr'>qui</span> 
     </span>
     <span class='ocr_line' id='line_1_6' title="bbox 202 636 1906 712; baseline 0.002 -20"><span class='ocrx_word' id='word_1_39' title='bbox 202 636 387 710; x_wconf 87' lang='lat' dir='ltr'>omnia</span> <span class='ocrx_word' id='word_1_40' title='bbox 419 636 450 693; x_wconf 64' lang='lat'>{⁸1</span> <span class='ocrx_word' id='word_1_41' title='bbox 487 637 608 693; x_wconf 90' lang='lat' dir='ltr'>Deo</span> <span class='ocrx_word' id='word_1_42' title='bbox 642 636 955 711; x_wconf 75' lang='lat' dir='ltr'>Apostolis‚</span> <span class='ocrx_word' id='word_1_43' title='bbox 997 641 1058 697; x_wconf 65' lang='grc' dir='ltr'>ὃς</span> <span class='ocrx_word' id='word_1_44' title='bbox 1089 655 1190 711; x_wconf 89' lang='lat' dir='ltr'>per</span> <span class='ocrx_word' id='word_1_45' title='bbox 1218 637 1513 712; x_wconf 87' lang='lat' dir='ltr'>Apostolos</span> <span class='ocrx_word' id='word_1_46' title='bbox 1545 636 1792 693; x_wconf 85' lang='lat' dir='ltr'>Ecclefiae</span> <span class='ocrx_word' id='word_1_47' title='bbox 1823 654 1906 696; x_wconf 59' lang='lat' dir='ltr'>ree.</span> 
     </span>
     <span class='ocr_line' id='line_1_7' title="bbox 204 710 1905 787; baseline 0.004 -20"><span class='ocrx_word' id='word_1_48' title='bbox 204 710 379 768; x_wconf 88' lang='lat' dir='ltr'>velata</span> <span class='ocrx_word' id='word_1_49' title='bbox 394 710 460 768; x_wconf 59' lang='lat' dir='ltr'>ab</span> <span class='ocrx_word' id='word_1_50' title='bbox 486 712 677 769; x_wconf 87' lang='lat' dir='ltr'>eadem</span> <span class='ocrx_word' id='word_1_51' title='bbox 701 711 854 769; x_wconf 91' lang='lat' dir='ltr'>velut</span> <span class='ocrx_word' id='word_1_52' title='bbox 883 713 1066 769; x_wconf 89' lang='lat' dir='ltr'>Matre</span> <span class='ocrx_word' id='word_1_53' title='bbox 1094 714 1272 770; x_wconf 86' lang='lat' dir='ltr'>nostra</span> <span class='ocrx_word' id='word_1_54' title='bbox 1304 714 1547 787; x_wconf 86' lang='lat' dir='ltr'>accipere</span> <span class='ocrx_word' id='word_1_55' title='bbox 1571 711 1905 773; x_wconf 77' lang='lat' dir='ltr'>debeamus,</span> 
     </span>
     <span class='ocr_line' id='line_1_8' title="bbox 200 785 1907 863; baseline -0.001 -17"><span class='ocrx_word' id='word_1_56' title='bbox 200 791 263 847; x_wconf 87' lang='lat'>&amp;</span> <span class='ocrx_word' id='word_1_57' title='bbox 286 789 571 844; x_wconf 88' lang='lat' dir='ltr'>veritatem</span> <span class='ocrx_word' id='word_1_58' title='bbox 598 786 844 844; x_wconf 89' lang='lat' dir='ltr'>obtinere</span> <span class='ocrx_word' id='word_1_59' title='bbox 868 785 1034 844; x_wconf 73' lang='lat' dir='ltr'>certov</span> <span class='ocrx_word' id='word_1_60' title='bbox 1053 788 1327 863; x_wconf 83' lang='lat' dir='ltr'>poffimus.</span> <span class='ocrx_word' id='word_1_61' title='bbox 1343 800 1362 844; x_wconf 73' lang='grc' dir='ltr'>ι’</span> <span class='ocrx_word' id='word_1_62' title='bbox 1436 789 1623 863; x_wconf 84' lang='lat' dir='ltr'>Qem</span> <span class='ocrx_word' id='word_1_63' title='bbox 1653 787 1823 862; x_wconf 85' lang='lat' dir='ltr'>igitur</span> <span class='ocrx_word' id='word_1_64' title='bbox 1849 789 1907 845; x_wconf 86' lang='lat' dir='ltr'>in</span> 
     </span>
     <span class='ocr_line' id='line_1_9' title="bbox 200 861 1909 938; baseline -0.001 -18"><span class='ocrx_word' id='word_1_65' title='bbox 200 861 366 920; x_wconf 84' lang='lat' dir='ltr'>finem</span> <span class='ocrx_word' id='word_1_66' title='bbox 402 862 477 919; x_wconf 91' lang='lat' dir='ltr'>illi</span> <span class='ocrx_word' id='word_1_67' title='bbox 514 862 610 920; x_wconf 91' lang='lat' dir='ltr'>soli</span> <span class='ocrx_word' id='word_1_68' title='bbox 690 862 940 920; x_wconf 82' lang='lat' dir='ltr'>romiffus</span> <span class='ocrx_word' id='word_1_69' title='bbox 971 867 1032 924; x_wconf 89' lang='lat'>&amp;</span> <span class='ocrx_word' id='word_1_70' title='bbox 1064 863 1223 922; x_wconf 87' lang='lat' dir='ltr'>datus</span> <span class='ocrx_word' id='word_1_71' title='bbox 1254 865 1358 927; x_wconf 85' lang='lat' dir='ltr'>est,</span> <span class='ocrx_word' id='word_1_72' title='bbox 1385 861 1449 921; x_wconf 71' lang='lat' dir='ltr'>iit</span> <span class='ocrx_word' id='word_1_73' title='bbox 1483 865 1762 938; x_wconf 83' lang='lat' dir='ltr'>oportuit,</span> <span class='ocrx_word' id='word_1_74' title='bbox 1785 863 1909 937; x_wconf 85' lang='lat' dir='ltr'>Spi-</span> 
     </span>
     <span class='ocr_line' id='line_1_10' title="bbox 198 936 1907 1014; baseline 0.001 -21"><span class='ocrx_word' id='word_1_75' title='bbox 198 940 338 994; x_wconf 86' lang='lat' dir='ltr'>ritus</span> <span class='ocrx_word' id='word_1_76' title='bbox 361 937 617 1000; x_wconf 69' lang='lat' dir='ltr'>Sanstus‚</span> <span class='ocrx_word' id='word_1_77' title='bbox 671 957 700 995; x_wconf 92' lang='lat' dir='ltr'>e</span> <span class='ocrx_word' id='word_1_78' title='bbox 735 957 848 1014; x_wconf 92' lang='lat' dir='ltr'>quo</span> <span class='ocrx_word' id='word_1_79' title='bbox 881 941 1128 1013; x_wconf 85' lang='lat' dir='ltr'>privatus</span> <span class='ocrx_word' id='word_1_80' title='bbox 1154 957 1348 1002; x_wconf 85' lang='lat' dir='ltr'>nemo,</span> <span class='ocrx_word' id='word_1_81' title='bbox 1371 937 1434 995; x_wconf 67' lang='lat' dir='ltr'>iit</span> <span class='ocrx_word' id='word_1_82' title='bbox 1466 938 1585 1000; x_wconf 88' lang='lat' dir='ltr'>illa,</span> <span class='ocrx_word' id='word_1_83' title='bbox 1621 954 1801 995; x_wconf 85' lang='lat' dir='ltr'>certus</span> <span class='ocrx_word' id='word_1_84' title='bbox 1830 936 1907 994; x_wconf 87' lang='lat' dir='ltr'>es-</span> 
     </span>
     <span class='ocr_line' id='line_1_11' title="bbox 197 1010 1902 1090; baseline 0.001 -22"><span class='ocrx_word' id='word_1_85' title='bbox 197 1010 250 1069; x_wconf 90' lang='lat' dir='ltr'>se</span> <span class='ocrx_word' id='word_1_86' title='bbox 275 1030 521 1089; x_wconf 86' lang='lat' dir='ltr'>unquam</span> <span class='ocrx_word' id='word_1_87' title='bbox 559 1014 778 1088; x_wconf 86' lang='lat' dir='ltr'>poterit.</span> <span class='ocrx_word' id='word_1_88' title='bbox 857 1014 995 1087; x_wconf 87' lang='lat' dir='ltr'>Ego,</span> <span class='ocrx_word' id='word_1_89' title='bbox 1038 1016 1214 1090; x_wconf 89' lang='lat' dir='ltr'>inquit</span> <span class='ocrx_word' id='word_1_90' title='bbox 1251 1014 1500 1073; x_wconf 88' lang='lat' dir='ltr'>Christus</span> <span class='ocrx_word' id='word_1_91' title='bbox 1540 1011 1743 1070; x_wconf 86' lang='lat' dir='ltr'>Matth.</span> <span class='ocrx_word' id='word_1_92' title='bbox 1762 1011 1862 1070; x_wconf 91' lang='lat' dir='ltr'>ult.</span> <span class='ocrx_word' id='word_1_93' title='bbox 1883 1047 1902 1075; x_wconf 86' lang='lat'><em>‚</em></span> 
     </span>
     <span class='ocr_line' id='line_1_12' title="bbox 195 1085 1906 1169; baseline 0 -25"><span class='ocrx_word' id='word_1_94' title='bbox 195 1085 451 1165; x_wconf 73' lang='lat' dir='ltr'>vobzscum</span> <span class='ocrx_word' id='word_1_95' title='bbox 470 1086 600 1166; x_wconf 82' lang='lat' dir='ltr'>sum</span> <span class='ocrx_word' id='word_1_96' title='bbox 638 1088 875 1147; x_wconf 83' lang='lat' dir='ltr'>omnibus</span> <span class='ocrx_word' id='word_1_97' title='bbox 913 1089 1085 1148; x_wconf 80' lang='lat' dir='ltr'>diebus</span> <span class='ocrx_word' id='word_1_98' title='bbox 1115 1086 1266 1169; x_wconf 79' lang='lat' dir='ltr'>usque</span> <span class='ocrx_word' id='word_1_99' title='bbox 1312 1092 1376 1147; x_wconf 83' lang='lat' dir='ltr'>ad</span> <span class='ocrx_word' id='word_1_100' title='bbox 1415 1085 1906 1167; x_wconf 71' lang='lat' dir='ltr'>consummatimzem</span> 
     </span>
     <span class='ocr_line' id='line_1_13' title="bbox 179 1159 1904 1241; baseline 0.001 -23"><span class='ocrx_word' id='word_1_101' title='bbox 179 1159 373 1241; x_wconf 86' lang='lat' dir='ltr'>saeculi.</span> <span class='ocrx_word' id='word_1_102' title='bbox 491 1164 561 1220; x_wconf 92' lang='lat' dir='ltr'>Et</span> <span class='ocrx_word' id='word_1_103' title='bbox 589 1164 785 1240; x_wconf 82' lang='lat' dir='ltr'>Joann.</span> <span class='ocrx_word' id='word_1_104' title='bbox 826 1181 908 1239; x_wconf 91' lang='lat'>14.</span> <span class='ocrx_word' id='word_1_105' title='bbox 935 1185 988 1223; x_wconf 90' lang='lat' dir='ltr'>v.</span> <span class='ocrx_word' id='word_1_106' title='bbox 1023 1167 1107 1226; x_wconf 87' lang='lat'>16.</span> <span class='ocrx_word' id='word_1_107' title='bbox 1185 1166 1294 1238; x_wconf 86' lang='lat' dir='ltr'>Ego</span> <span class='ocrx_word' id='word_1_108' title='bbox 1331 1165 1509 1237; x_wconf 82' lang='lat' dir='ltr'>rogabo</span> <span class='ocrx_word' id='word_1_109' title='bbox 1557 1165 1796 1227; x_wconf 79' lang='lat' dir='ltr'>Patrem,</span> <span class='ocrx_word' id='word_1_110' title='bbox 1837 1164 1904 1229; x_wconf 58' lang='grc' dir='ltr'>ἐφ’</span> 
     </span>
     <span class='ocr_line' id='line_1_14' title="bbox 196 1239 1911 1303; baseline 0.001 -9"><span class='ocrx_word' id='word_1_111' title='bbox 196 1239 361 1296; x_wconf 86' lang='lat' dir='ltr'>alium</span> <span class='ocrx_word' id='word_1_112' title='bbox 384 1239 702 1296; x_wconf 79' lang='lat' dir='ltr'>Paraclitum</span> <span class='ocrx_word' id='word_1_113' title='bbox 721 1240 859 1297; x_wconf 81' lang='lat' dir='ltr'>dabit</span> <span class='ocrx_word' id='word_1_114' title='bbox 879 1242 1022 1299; x_wconf 87' lang='lat' dir='ltr'>vobis</span> <span class='ocrx_word' id='word_1_115' title='bbox 1041 1276 1057 1303; x_wconf 81' lang='grc'>,</span> <span class='ocrx_word' id='word_1_116' title='bbox 1086 1254 1150 1299; x_wconf 85' lang='lat' dir='ltr'>ut</span> <span class='ocrx_word' id='word_1_117' title='bbox 1168 1255 1375 1299; x_wconf 86' lang='lat' dir='ltr'>maneat</span> <span class='ocrx_word' id='word_1_118' title='bbox 1395 1241 1651 1298; x_wconf 84' lang='lat' dir='ltr'>vobicum</span> <span class='ocrx_word' id='word_1_119' title='bbox 1681 1240 1738 1296; x_wconf 86' lang='lat' dir='ltr'>in</span> <span class='ocrx_word' id='word_1_120' title='bbox 1756 1252 1911 1296; x_wconf 61' lang='lat' dir='ltr'>ceter«</span> 
     </span>
     <span class='ocr_line' id='line_1_15' title="bbox 194 1314 1904 1389; baseline -0.001 -18"><span class='ocrx_word' id='word_1_121' title='bbox 194 1332 356 1377; x_wconf 86' lang='lat' dir='ltr'>num,</span> <span class='ocrx_word' id='word_1_122' title='bbox 394 1314 656 1389; x_wconf 80' lang='lat' dir='ltr'>Spiritum</span> <span class='ocrx_word' id='word_1_123' title='bbox 684 1316 922 1374; x_wconf 83' lang='lat' dir='ltr'>veritatis</span> <span class='ocrx_word' id='word_1_124' title='bbox 959 1317 1067 1381; x_wconf 63' lang='lat' dir='ltr'>&amp;a</span> <span class='ocrx_word' id='word_1_125' title='bbox 1106 1322 1169 1378; x_wconf 71' lang='grc' dir='ltr'>ὅ(</span> <span class='ocrx_word' id='word_1_126' title='bbox 1190 1337 1245 1374; x_wconf 88' lang='lat' dir='ltr'>v.</span> <span class='ocrx_word' id='word_1_127' title='bbox 1275 1317 1368 1376; x_wconf 87' lang='lat'>26.</span> <span class='ocrx_word' id='word_1_128' title='bbox 1407 1315 1694 1374; x_wconf 82' lang='lat' dir='ltr'>Paraclitus</span> <span class='ocrx_word' id='word_1_129' title='bbox 1725 1327 1904 1372; x_wconf 85' lang='lat' dir='ltr'>autem</span> 
     </span>
     <span class='ocr_line' id='line_1_16' title="bbox 195 1389 1903 1466; baseline -0.001 -19"><span class='ocrx_word' id='word_1_130' title='bbox 195 1390 666 1466; x_wconf 62' lang='lat' dir='ltr'>SpiritusSardlus</span> <span class='ocrx_word' id='word_1_131' title='bbox 679 1425 695 1453; x_wconf 73' lang='lat'><em>2</em></span> <span class='ocrx_word' id='word_1_132' title='bbox 729 1408 883 1466; x_wconf 80' lang='lat' dir='ltr'>quem</span> <span class='ocrx_word' id='word_1_133' title='bbox 916 1394 1094 1450; x_wconf 84' lang='lat' dir='ltr'>mittet</span> <span class='ocrx_word' id='word_1_134' title='bbox 1119 1395 1276 1450; x_wconf 84' lang='lat' dir='ltr'>Pater</span> <span class='ocrx_word' id='word_1_135' title='bbox 1304 1392 1369 1449; x_wconf 80' lang='lat' dir='ltr'>in</span> <span class='ocrx_word' id='word_1_136' title='bbox 1395 1391 1603 1450; x_wconf 83' lang='lat' dir='ltr'>nomine</span> <span class='ocrx_word' id='word_1_137' title='bbox 1638 1408 1751 1447; x_wconf 85' lang='lat' dir='ltr'>meo</span> <span class='ocrx_word' id='word_1_138' title='bbox 1766 1426 1783 1452; x_wconf 81' lang='lat'><em>‚</em></span> <span class='ocrx_word' id='word_1_139' title='bbox 1821 1389 1903 1447; x_wconf 86' lang='lat' dir='ltr'>ille</span> 
     </span>
     <span class='ocr_line' id='line_1_17' title="bbox 193 1463 1904 1545; baseline -0.001 -23"><span class='ocrx_word' id='word_1_140' title='bbox 193 1485 286 1523; x_wconf 84' lang='lat' dir='ltr'>vos</span> <span class='ocrx_word' id='word_1_141' title='bbox 328 1466 513 1522; x_wconf 84' lang='lat' dir='ltr'>docebit</span> <span class='ocrx_word' id='word_1_142' title='bbox 550 1469 723 1524; x_wconf 84' lang='lat' dir='ltr'>omnia</span> <span class='ocrx_word' id='word_1_143' title='bbox 743 1502 759 1528; x_wconf 72' lang='lat'><em>2</em></span> <span class='ocrx_word' id='word_1_144' title='bbox 794 1469 859 1532; x_wconf 59' lang='grc' dir='ltr'>Εἴ</span> <span class='ocrx_word' id='word_1_145' title='bbox 875 1463 1120 1545; x_wconf 83' lang='lat' dir='ltr'>suggeret</span> <span class='ocrx_word' id='word_1_146' title='bbox 1154 1468 1297 1526; x_wconf 84' lang='lat' dir='ltr'>vobis</span> <span class='ocrx_word' id='word_1_147' title='bbox 1334 1468 1508 1523; x_wconf 82' lang='lat' dir='ltr'>omnia</span> <span class='ocrx_word' id='word_1_148' title='bbox 1528 1501 1544 1527; x_wconf 84' lang='lat'>‚</span> <span class='ocrx_word' id='word_1_149' title='bbox 1627 1482 1904 1539; x_wconf 80' lang='lat' dir='ltr'>uaecunque</span> 
     </span>
     <span class='ocr_line' id='line_1_18' title="bbox 193 1539 1904 1617; baseline -0.001 -20"><span class='ocrx_word' id='word_1_150' title='bbox 193 1543 365 1597; x_wconf 85' lang='lat' dir='ltr'>dixero</span> <span class='ocrx_word' id='word_1_151' title='bbox 404 1539 561 1597; x_wconf 85' lang='lat' dir='ltr'>vobis.</span> <span class='ocrx_word' id='word_1_152' title='bbox 676 1542 864 1617; x_wconf 89' lang='lat' dir='ltr'>Atque</span> <span class='ocrx_word' id='word_1_153' title='bbox 903 1542 975 1599; x_wconf 91' lang='lat' dir='ltr'>ob</span> <span class='ocrx_word' id='word_1_154' title='bbox 1003 1542 1252 1616; x_wconf 87' lang='lat' dir='ltr'>ejusdem</span> <span class='ocrx_word' id='word_1_155' title='bbox 1290 1539 1526 1614; x_wconf 79' lang='lat' dir='ltr'>Spiritfis</span> <span class='ocrx_word' id='word_1_156' title='bbox 1566 1559 1596 1596; x_wconf 85' lang='lat' dir='ltr'>a</span> <span class='ocrx_word' id='word_1_157' title='bbox 1638 1541 1904 1596; x_wconf 74' lang='lat' dir='ltr'>istentiam</span> 
     </span>
     <span class='ocr_line' id='line_1_19' title="bbox 197 1614 1902 1691; baseline -0.001 -19"><span class='ocrx_word' id='word_1_158' title='bbox 197 1615 395 1672; x_wconf 84' lang='lat' dir='ltr'>Paulus</span> <span class='ocrx_word' id='word_1_159' title='bbox 438 1631 483 1672; x_wconf 87' lang='lat'>1.</span> <span class='ocrx_word' id='word_1_160' title='bbox 509 1618 572 1671; x_wconf 84' lang='lat' dir='ltr'>ad</span> <span class='ocrx_word' id='word_1_161' title='bbox 603 1615 826 1672; x_wconf 83' lang='lat' dir='ltr'>Timoth.</span> <span class='ocrx_word' id='word_1_162' title='bbox 851 1629 956 1691; x_wconf 85' lang='lat' dir='ltr'>cap.</span> <span class='ocrx_word' id='word_1_163' title='bbox 982 1624 1037 1682; x_wconf 86' lang='lat'>8.</span> <span class='ocrx_word' id='word_1_164' title='bbox 1060 1615 1289 1673; x_wconf 88' lang='lat' dir='ltr'>eandem</span> <span class='ocrx_word' id='word_1_165' title='bbox 1320 1614 1613 1671; x_wconf 85' lang='lat' dir='ltr'>Ecclesiam</span> <span class='ocrx_word' id='word_1_166' title='bbox 1644 1615 1750 1670; x_wconf 89' lang='lat' dir='ltr'>Dei</span> <span class='ocrx_word' id='word_1_167' title='bbox 1783 1615 1902 1671; x_wconf 87' lang='lat' dir='ltr'>vivi</span> 
     </span>
     <span class='ocr_line' id='line_1_20' title="bbox 196 1688 1904 1764; baseline -0.002 -16"><span class='ocrx_word' id='word_1_168' title='bbox 196 1692 512 1748; x_wconf 88' lang='lat' dir='ltr'>columnam</span> <span class='ocrx_word' id='word_1_169' title='bbox 549 1694 611 1750; x_wconf 90' lang='lat'>&amp;</span> <span class='ocrx_word' id='word_1_170' title='bbox 632 1688 1038 1752; x_wconf 81' lang='lat' dir='ltr'>firmamentum</span> <span class='ocrx_word' id='word_1_171' title='bbox 1065 1691 1309 1748; x_wconf 86' lang='lat' dir='ltr'>veritatis</span> <span class='ocrx_word' id='word_1_172' title='bbox 1344 1688 1464 1764; x_wconf 87' lang='lat' dir='ltr'>jure</span> <span class='ocrx_word' id='word_1_173' title='bbox 1486 1690 1684 1746; x_wconf 89' lang='lat' dir='ltr'>merito</span> <span class='ocrx_word' id='word_1_174' title='bbox 1720 1688 1904 1763; x_wconf 87' lang='lat' dir='ltr'>appel-</span> 
     </span>
     <span class='ocr_line' id='line_1_21' title="bbox 197 1761 1903 1840; baseline -0.001 -17"><span class='ocrx_word' id='word_1_175' title='bbox 197 1767 272 1823; x_wconf 88' lang='lat' dir='ltr'>lat</span> <span class='ocrx_word' id='word_1_176' title='bbox 297 1803 314 1829; x_wconf 88' lang='lat'>‚</span> <span class='ocrx_word' id='word_1_177' title='bbox 345 1763 565 1840; x_wconf 78' lang='lat' dir='ltr'>eoquod</span> <span class='ocrx_word' id='word_1_178' title='bbox 601 1783 714 1822; x_wconf 90' lang='lat' dir='ltr'>non</span> <span class='ocrx_word' id='word_1_179' title='bbox 755 1761 968 1823; x_wconf 71' lang='lat' dir='ltr'>tantum</span> <span class='ocrx_word' id='word_1_180' title='bbox 1001 1766 1220 1823; x_wconf 81' lang='lat' dir='ltr'>Sacram</span> <span class='ocrx_word' id='word_1_181' title='bbox 1255 1765 1596 1838; x_wconf 86' lang='lat' dir='ltr'>Scripturam</span> <span class='ocrx_word' id='word_1_182' title='bbox 1632 1767 1785 1820; x_wconf 90' lang='lat' dir='ltr'>omni</span> <span class='ocrx_word' id='word_1_183' title='bbox 1820 1784 1903 1822; x_wconf 88' lang='lat' dir='ltr'>er-</span> 
     </span>
     <span class='ocr_line' id='line_1_22' title="bbox 196 1839 1902 1914; baseline -0.001 -15"><span class='ocrx_word' id='word_1_184' title='bbox 196 1859 326 1899; x_wconf 89' lang='lat' dir='ltr'>rore</span> <span class='ocrx_word' id='word_1_185' title='bbox 360 1844 665 1897; x_wconf 89' lang='lat' dir='ltr'>immunem</span> <span class='ocrx_word' id='word_1_186' title='bbox 707 1839 989 1900; x_wconf 87' lang='lat' dir='ltr'>conservet</span> <span class='ocrx_word' id='word_1_187' title='bbox 1024 1844 1086 1902; x_wconf 89' lang='lat'>&amp;</span> <span class='ocrx_word' id='word_1_188' title='bbox 1133 1839 1397 1897; x_wconf 87' lang='lat' dir='ltr'>custodiat</span> <span class='ocrx_word' id='word_1_189' title='bbox 1413 1874 1430 1901; x_wconf 88' lang='lat'><em>‚</em></span> <span class='ocrx_word' id='word_1_190' title='bbox 1470 1839 1702 1896; x_wconf 87' lang='lat' dir='ltr'>adinstar</span> <span class='ocrx_word' id='word_1_191' title='bbox 1738 1841 1902 1914; x_wconf 85' lang='lat' dir='ltr'>Syna-</span> 
     </span>
     <span class='ocr_line' id='line_1_23' title="bbox 222 1915 1902 1992; baseline -0.001 -18"><span class='ocrx_word' id='word_1_192' title='bbox 222 1935 270 1974; x_wconf 94' lang='lat' dir='ltr'>.o</span> <span class='ocrx_word' id='word_1_193' title='bbox 313 1935 471 1973; x_wconf 89' lang='lat' dir='ltr'>arum</span> <span class='ocrx_word' id='word_1_194' title='bbox 516 1915 874 1992; x_wconf 70' lang='lat' dir='ltr'>judaicarum</span> <span class='ocrx_word' id='word_1_195' title='bbox 922 1916 1263 1991; x_wconf 90' lang='lat' dir='ltr'>Scripturam</span> <span class='ocrx_word' id='word_1_196' title='bbox 1312 1916 1512 1972; x_wconf 87' lang='lat' dir='ltr'>veteris</span> <span class='ocrx_word' id='word_1_197' title='bbox 1561 1915 1902 1973; x_wconf 84' lang='lat' dir='ltr'>Testamenti</span> 
     </span>
     <span class='ocr_line' id='line_1_24' title="bbox 196 1936 1900 2066; baseline -0.002 -16"><span class='ocrx_word' id='word_1_198' title='bbox 196 1936 423 2050; x_wconf 51' lang='lat' dir='ltr'>{fficite</span> <span class='ocrx_word' id='word_1_199' title='bbox 458 1990 765 2049; x_wconf 86' lang='lat' dir='ltr'>hodiedum</span> <span class='ocrx_word' id='word_1_200' title='bbox 798 1991 1160 2054; x_wconf 89' lang='lat' dir='ltr'>servantium,</span> <span class='ocrx_word' id='word_1_201' title='bbox 1195 1990 1287 2047; x_wconf 88' lang='lat' dir='ltr'>sed</span> <span class='ocrx_word' id='word_1_202' title='bbox 1315 1987 1468 2065; x_wconf 77' lang='lat' dir='ltr'>quod</span> <span class='ocrx_word' id='word_1_203' title='bbox 1499 1988 1776 2052; x_wconf 84' lang='lat' dir='ltr'>Christus,</span> <span class='ocrx_word' id='word_1_204' title='bbox 1801 1992 1900 2066; x_wconf 91' lang='lat' dir='ltr'>qui</span> 
     </span>
     <span class='ocr_line' id='line_1_25' title="bbox 196 2065 1900 2142; baseline -0.002 -17"><span class='ocrx_word' id='word_1_205' title='bbox 196 2086 298 2142; x_wconf 85' lang='lat' dir='ltr'>per</span> <span class='ocrx_word' id='word_1_206' title='bbox 330 2069 367 2124; x_wconf 92' lang='lat' dir='ltr'>S</span> <span class='ocrx_word' id='word_1_207' title='bbox 411 2068 602 2124; x_wconf 85' lang='lat' dir='ltr'>iritum</span> <span class='ocrx_word' id='word_1_208' title='bbox 634 2066 795 2125; x_wconf 88' lang='lat' dir='ltr'>suum</span> <span class='ocrx_word' id='word_1_209' title='bbox 830 2067 1123 2124; x_wconf 85' lang='lat' dir='ltr'>Ecclefiam</span> <span class='ocrx_word' id='word_1_210' title='bbox 1167 2065 1337 2124; x_wconf 88' lang='lat' dir='ltr'>veluti</span> <span class='ocrx_word' id='word_1_211' title='bbox 1375 2066 1599 2139; x_wconf 89' lang='lat' dir='ltr'>Corpus</span> <span class='ocrx_word' id='word_1_212' title='bbox 1630 2067 1803 2140; x_wconf 87' lang='lat' dir='ltr'>regit,</span> <span class='ocrx_word' id='word_1_213' title='bbox 1843 2068 1900 2126; x_wconf 87' lang='lat' dir='ltr'>in</span> 
     </span>
     <span class='ocr_line' id='line_1_26' title="bbox 199 2138 1899 2214; baseline 0 -15"><span class='ocrx_word' id='word_1_214' title='bbox 199 2161 263 2199; x_wconf 87' lang='lat' dir='ltr'>ea</span> <span class='ocrx_word' id='word_1_215' title='bbox 291 2161 361 2199; x_wconf 87' lang='lat' dir='ltr'>ve</span> <span class='ocrx_word' id='word_1_216' title='bbox 380 2158 444 2199; x_wconf 90' lang='lat' dir='ltr'>ut</span> <span class='ocrx_word' id='word_1_217' title='bbox 478 2142 590 2199; x_wconf 86' lang='lat' dir='ltr'>basi</span> <span class='ocrx_word' id='word_1_218' title='bbox 618 2145 907 2200; x_wconf 87' lang='lat' dir='ltr'>veritatem</span> <span class='ocrx_word' id='word_1_219' title='bbox 941 2140 1014 2201; x_wconf 71' lang='lat' dir='ltr'>ita</span> <span class='ocrx_word' id='word_1_220' title='bbox 1039 2142 1355 2200; x_wconf 86' lang='lat' dir='ltr'>stabiliverit</span> <span class='ocrx_word' id='word_1_221' title='bbox 1379 2176 1395 2203; x_wconf 86' lang='lat'><em>,</em></span> <span class='ocrx_word' id='word_1_222' title='bbox 1433 2138 1797 2214; x_wconf 60' lang='lat' dir='ltr'>firmamque,</span> <span class='ocrx_word' id='word_1_223' title='bbox 1835 2157 1899 2201; x_wconf 82' lang='lat' dir='ltr'>ut</span> 
     </span>
     <span class='ocr_line' id='line_1_27' title="bbox 198 2214 1733 2292; baseline -0.003 -16"><span class='ocrx_word' id='word_1_224' title='bbox 198 2215 455 2278; x_wconf 84' lang='lat' dir='ltr'>deficere,</span> <span class='ocrx_word' id='word_1_225' title='bbox 489 2214 827 2281; x_wconf 62' lang='lat' dir='ltr'>labefactari,</span> <span class='ocrx_word' id='word_1_226' title='bbox 850 2222 912 2279; x_wconf 86' lang='lat'>&amp;</span> <span class='ocrx_word' id='word_1_227' title='bbox 937 2235 1195 2276; x_wconf 86' lang='lat' dir='ltr'>corruere</span> <span class='ocrx_word' id='word_1_228' title='bbox 1230 2233 1515 2292; x_wconf 88' lang='lat' dir='ltr'>nunquam</span> <span class='ocrx_word' id='word_1_229' title='bbox 1545 2214 1733 2291; x_wconf 87' lang='lat' dir='ltr'>poffit.·</span> 
     </span>
    </p>
   </div>
   <div class='ocr_carea' id='block_1_3' title="bbox 202 2361 1901 2651">
    <p class='ocr_par' dir='ltr' id='par_1_3' title="bbox 202 2361 1901 2651">
     <span class='ocr_line' id='line_1_28' title="bbox 364 2361 1899 2442; baseline 0 -20"><span class='ocrx_word' id='word_1_230' title='bbox 364 2364 439 2423; x_wconf 90' lang='lat' dir='ltr'>V.</span> <span class='ocrx_word' id='word_1_231' title='bbox 500 2366 721 2423; x_wconf 86' lang='lat' dir='ltr'>Harum</span> <span class='ocrx_word' id='word_1_232' title='bbox 757 2364 902 2424; x_wconf 72' lang='lat' dir='ltr'>certe</span> <span class='ocrx_word' id='word_1_233' title='bbox 926 2365 1343 2442; x_wconf 87' lang='lat' dir='ltr'>promiffionum</span> <span class='ocrx_word' id='word_1_234' title='bbox 1377 2366 1407 2423; x_wconf 67' lang='lat' dir='ltr'>a</span> <span class='ocrx_word' id='word_1_235' title='bbox 1439 2364 1657 2424; x_wconf 90' lang='lat' dir='ltr'>Christo</span> <span class='ocrx_word' id='word_1_236' title='bbox 1692 2361 1899 2423; x_wconf 81' lang='lat' dir='ltr'>disertis</span> 
     </span>
     <span class='ocr_line' id='line_1_29' title="bbox 202 2437 1901 2517; baseline 0 -19"><span class='ocrx_word' id='word_1_237' title='bbox 202 2439 338 2499; x_wconf 74' lang='lat' dir='ltr'>adeo</span> <span class='ocrx_word' id='word_1_238' title='bbox 387 2440 571 2498; x_wconf 90' lang='lat' dir='ltr'>verbis</span> <span class='ocrx_word' id='word_1_239' title='bbox 619 2437 888 2500; x_wconf 53' lang='lat' dir='ltr'>factarum</span> <span class='ocrx_word' id='word_1_240' title='bbox 937 2445 1054 2500; x_wconf 92' lang='lat' dir='ltr'>vim</span> <span class='ocrx_word' id='word_1_241' title='bbox 1093 2441 1385 2517; x_wconf 63' lang='lat' dir='ltr'>plusquam</span> <span class='ocrx_word' id='word_1_242' title='bbox 1437 2442 1743 2516; x_wconf 83' lang='lat' dir='ltr'>energicam</span> <span class='ocrx_word' id='word_1_243' title='bbox 1781 2437 1901 2498; x_wconf 65' lang='lat' dir='ltr'>satis</span> 
     </span>
     <span class='ocr_line' id='line_1_30' title="bbox 203 2515 1899 2651; baseline -0.002 -76"><span class='ocrx_word' id='word_1_244' title='bbox 203 2533 315 2575; x_wconf 87' lang='lat' dir='ltr'>non</span> <span class='ocrx_word' id='word_1_245' title='bbox 349 2515 696 2594; x_wconf 83' lang='lat' dir='ltr'>intelligunt,</span> <span class='ocrx_word' id='word_1_246' title='bbox 744 2519 841 2592; x_wconf 91' lang='lat' dir='ltr'>qui</span> <span class='ocrx_word' id='word_1_247' title='bbox 890 2533 1062 2650; x_wconf 37' lang='lat' dir='ltr'>tota&amp;</span> <span class='ocrx_word' id='word_1_248' title='bbox 1098 2517 1359 2651; x_wconf 56' lang='lat' dir='ltr'>{luntaxat</span> <span class='ocrx_word' id='word_1_249' title='bbox 1391 2515 1639 2578; x_wconf 88' lang='lat' dir='ltr'>fidelium</span> <span class='ocrx_word' id='word_1_250' title='bbox 1682 2516 1899 2650; x_wconf 53' lang='lat' dir='ltr'>soecligta-</span> 
     </span>
    </p>
   </div>
  </div>
 </body>
</html>
