2144 2852
238 197 354 262 278
802 183 1412 265 &avffeowssssfl

240 331 582 392 nequaquam
619 317 875 392 pertingit
891 357 907 380 ,
951 334 1058 375 -nec
1106 317 1268 375 ullam
1307 317 1771 376 controversatum
1805 328 1957 395 quaeai

238 396 471 453 stionum
485 408 642 467 ‚quas
663 391 867 466 Religio
891 393 1161 469 parificata
1187 393 1414 451 diversas
1438 392 1954 459 tenet‚decisionem‚

237 488 296 527 ac
326 468 761 543 dijudicationem
788 469 1030 527 includit.
1103 468 1221 527 Lex
1256 469 1490 547 denique
1520 469 1660 545 ipsa,
1687 488 1780 528 aut
1817 472 1957 546 pub-

237 546 337 604 lica
401 544 486 601 illa
542 543 845 602 tolerantiae—
900 545 969 602 ad
1019 545 1169 604 hunc
1202 563 1376 621 usque
1446 544 1679 620 gradum
1736 546 1958 604 extensae

238 619 498 680 conceffio
557 621 875 695 neutiquam
914 620 1080 684 velut*
1141 624 1327 696 regula
1399 626 1461 683 &
1491 639 1682 679 norma
1735 622 1960 680 creden·-

239 698 295 755 di
330 698 523 771 exponi
571 711 893 760 attentatur,
939 696 1029 755 sed
1076 695 1257 770 potius
1289 698 1506 755 subditis
1553 697 1810 773 Religioni
1848 699 1959 755 Do-

239 774 369 831 mini
409 771 496 827 vel
537 769 568 827 a
603 771 834 830 toleratis
884 771 1105 830 diversae
1156 772 1380 831 addiffls
1430 790 1679 831 normam
1725 774 1958 848 praebet‚

238 866 368 906 cum
392 846 656 909 toleratis,
680 848 832 906 velut
857 848 1167 907 concivibus
1199 852 1313 923 pari
1345 849 1492 923 jure,
1521 848 1758 913 honore,
1781 854 1843 911 &
1877 848 1956 907 fa..

243 925 331 981 me
377 922 766 998 gaudentibus,
815 927 1042 982 comiter
1081 929 1142 986 &
1189 925 1403 999 pacifice
1441 924 1658 981 vivendi
1692 929 1754 985 &
1795 924 1954 982 coha-

243 1000 473 1062 bitandi,
497 1014 586 1061 ut,
608 999 858 1075 quamvis
908 1002 1047 1057 inter
1085 1017 1178 1057 eos
1215 1000 1553 1075 Religionum
1590 1000 1649 1057 fit
1682 995 1952 1064 dissensio,

243 1078 372 1133 unio
407 1091 583 1132 tamen
629 1074 794 1133 civilis
829 1078 1070 1136 constans
1103 1075 1314 1152 semper
1351 1081 1415 1138 δι
1461 1078 1714 1154 perennis
1743 1076 1954 1135 conser-

244 1167 416 1209 vetur.
674 1194 678 1200 -
1090 1192 1122 1220 .

370 1298 547 1355 XXX.
583 1296 756 1357 Porre
785 1300 914 1358 cum
949 1318 1141 1359 notum
1173 1301 1288 1359 satis
1323 1306 1385 1363 &
1416 1300 1741 1376 experientia
1770 1300 1952 1372 quoti·-

242 1374 394 1431 diane
439 1375 855 1447 comprobatum
903 1375 1202 1434 luculenter
1249 1378 1462 1440 existat,
1509 1375 1638 1433 nihil
1673 1374 1841 1449 magis
1872 1376 1949 1430 ci-

240 1452 394 1506 v'ium
442 1451 646 1506 animos
681 1450 953 1514 dividere,
989 1452 1155 1526 quem
1192 1452 1533 1525 Religionum
1570 1450 1949 1512 diversitatem,

238 1530 301 1586 &
323 1525 434 1598 ejus
456 1524 641 1581 zelum
675 1525 742 1582 ee
778 1526 1106 1602 quandoque
1138 1527 1373 1583 subditos
1404 1525 1703 1601 impellere,
1727 1541 1788 1582 ut
1818 1541 1947 1582 cum

241 1600 656 1659 dissentientibus
689 1618 799 1658 non
824 1601 1090 1677 religiose,
1121 1602 1210 1659 sed
1238 1601 1437 1660 furiose
1466 1619 1660 1676 agant,
1693 1616 1786 1658 aut
1816 1617 1948 1658 con-

241 1695 321 1734 tra
369 1676 545 1750 Leges
594 1674 867 1734 salubriter
914 1680 1057 1752 pacis
1101 1678 1256 1736 cause
1290 1679 1594 1735 constitutas
1627 1676 1679 1734 se
1713 1677 1946 1733 invicem

240 1751 325 1809 vie
356 1750 482 1808 faffi
520 1767 613 1808 aut
659 1751 848 1826 injurie
889 1771 1218 1829 quacunque
1254 1753 1475 1811 turbent
1497 1790 1517 1817 ,
1562 1770 1625 1809 ac
1671 1749 1946 1825 infestent5

240 1827 388 1885 unde
424 1825 556 1883 ficut
584 1825 806 1883 aliarum
839 1828 1025 1903 legum
1063 1829 1408 1891 tuendarum,
1431 1827 1501 1886 ite
1530 1832 1593 1890 ὃ(
1620 1826 1783 1902 Legis
1814 1828 1948 1882 tole-

238 1905 417 1961 rantiae
463 1900 622 1959 semel
669 1902 904 1976 legitime
954 1903 1153 1961 sancitae
1199 1923 1325 1976 cura
1371 1920 1532 1979 atque
1579 1902 1841 1978 proteaio
1877 1901 1944 1958 ad

237 1980 543 2051 Principem
571 1979 872 2052 pertinebit.
943 1979 1223 2054 Siquidem
1252 1997 1364 2038 non
1399 1996 1506 2037 tam
1540 1976 1716 2038 falsam
1755 1977 1944 2052 Religi-

237 2072 429 2117 onem,
453 2070 616 2128 quam
643 2071 709 2110 ex
731 2053 885 2112 dietis
912 2052 1123 2129 semper
1150 2057 1447 2129 improbat,
1478 2051 1741 2116 defendit,
1776 2058 1943 2128 quam

236 2130 383 2187 suam
418 2127 595 2203 potius
628 2128 1004 2187 authoritatem
1037 2130 1305 2205 publicam
1338 2135 1402 2192 &
1424 2129 1586 2188 fidem
1619 2132 1674 2185 in
1710 2145 1942 2186 conven-

237 2209 409 2268 tione,
421 2220 512 2261 aut
522 2203 820 2281 Lege,qu{i
831 2205 1108 2263 constituta
1130 2206 1206 2263 est
1225 2205 1782 2268 tolerantia‚sancitam
1805 2203 1944 2261 dire·

238 2280 322 2338 &te
350 2284 411 2342 ὃς
442 2279 744 2338 immediate
779 2296 1000 2339 tuetur:
1042 2298 1165 2358 quae
1200 2282 1360 2339 tutela
1397 2282 1571 2338 omnis
1608 2279 1673 2337 ad
1702 2282 1943 2354 quietem

238 2362 300 2417 ὅ(
335 2354 764 2430 tranquillitatem
797 2355 1066 2432 publicam
1107 2356 1423 2431 Reipublicae
1456 2357 1624 2414 civilis
1655 2353 1837 2412 rursus
1861 2371 1941 2412 to·

237 2448 287 2487 ta
325 2433 555 2504 pertinet
583 2468 603 2493 ‚
651 2428 889 2508 eumque
922 2434 978 2488 in
1015 2430 1177 2489 finem
1227 2432 1381 2489 unice
1419 2431 1617 2495 tendit,
1652 2429 1767 2505 que
1800 2432 1942 2489 inter

237 2506 477 2579 ejusdem
500 2507 698 2580 pariter
715 2524 776 2567 ac
800 2506 1022 2569 diversae
1032 2506 1318 2585 Religionis
1339 2506 1505 2566 socios
1528 2503 1810 2641 concggdia
1842 2505 1937 2562 ob·

1735 2595 1862 2636 con-
