2144 2852
245 172 354 256 188
795 167 1403 266 5>Z«³0ssss³><><63³ffl

243 313 639 389 „colliguntur.·
726 315 881 374 uibus
912 317 1138 393 quidem
1165 317 1372 376 duabus
1397 317 1634 394 partibus
1653 319 1834 376 omnis·
1846 327 1944 377 rio-¹·

239 393 393 457 „strae
425 389 595 446 salutis
629 395 691 452 &
752 391 985 450 elicitatis
1023 396 1155 450 ratio
1194 397 1533 458 continetur,
1581 410 1644 451 ut
1676 393 1806 450 nihil
1841 393 1944 452 effi}

239 466 431 541 „possit
466 464 664 522 horum
710 466 971 525 librorum
1019 468 1245 527 lefflone
1286 470 1529 545 dignius,
1567 468 1699 525 nihil
1733 466 1948 527 frutra-

236 541 445 607 „ofius‚
477 540 608 596 nihil
648 545 796 598 omni
832 542 1119 607 hominum
1150 547 1333 617 generi
1371 543 1843 606 accommodatius,
1865 546 1946 600 ni·-

237 616 348 693 „hil
386 617 571 686 majori
603 615 842 674 doeh-ina
875 623 936 679 &.
967 618 1210 693 sapientia
1243 617 1553 682 refertius„
1627 618 1834 676 Verbo:
1865 629 1946 675 tm

239 698 359 750 tum
383 690 578 747 Christi
607 690 961 767 Evangelium
990 695 1066 751 est
1097 694 1340 769 ipsiffima
1360 695 1400 769 J
1403 696 1509 752 uris
1531 693 1802 750 Naturaiis
1819 710 1946 765 pro-a

237 767 500 840 muigatio
535 782 641 822 tam
677 767 828 841 plena
859 767 1078 846 tamque
1109 770 1363 846 augusta,
1386 769 1494 846 qua
1525 769 1735 846 plenior
1764 774 1827 830 ὅτ.
1848 785 1944 835 auq

237 842 445 917 gustior
475 841 536 898 fit
567 841 726 899 nulla.
801 902 806 906 ,

364 992 486 1050 XV.
525 991 587 1049 In
620 1010 688 1050 eo
717 1007 896 1052 tamen
933 1008 1075 1054 totus
1107 993 1281 1054 fuerat
1315 995 1558 1055 Christus
1580 1033 1599 1060 ‚
1635 1008 1696 1054 ut
1734 999 1946 1053 accuraS

237 1063 341 1125 tius
375 1065 692 1144 pleniusque
729 1087 1045 1144 exponeret,
1070 1070 1241 1148 quam
1257 1072 1493 1129 Gentiles
1527 1072 1837 1147 quicunque
1855 1071 1946 1127 Sa-

233 1145 465 1215 pientes,
499 1161 560 1200 ac
609 1144 944 1219 Philosophi,
973 1147 1084 1204 imo
1109 1152 1170 1207 ὃ(
1197 1147 1442 1222 Moyses,
1476 1164 1636 1222 atque
1670 1146 1736 1204 ad
1767 1143 1945 1220 perfea

238 1217 389 1274 Erum
422 1217 740 1283 adduceret,
779 1222 1095 1279 authoritate
1130 1220 1218 1278 sua
1256 1222 1492 1279 tollendo
1525 1227 1585 1282 &
1633 1218 1941 1293 abrogando

237 1308 299 1346 ea
333 1294 548 1354 omnia,
579 1309 700 1365 quae
737 1294 853 1349 Lex
906 1296 989 1351 illa
1022 1311 1175 1352 vetus
1211 1296 1434 1353 Mosaica
1469 1295 1756 1368 inAJudaeis
1791 1293 1941 1350 velut

236 1368 441 1439 pueris,
455 1366 775 1430 carnalibus,
791 1367 1046 1430 rudibus,
1058 1374 1119 1429 &
1144 1367 1471 1442 imperfeEtis
1491 1372 1783 1425 etiamnum
1809 1367 1941 1424 teie-

236 1457 469 1503 raverat,
488 1441 575 1497 vel
603 1458 668 1497 ex
689 1442 940 1514 prudenti
965 1441 1344 1517 dispensatione
1365 1443 1676 1513 indulserat,
1698 1458 1790 1500 aut
1819 1459 1941 1516 quae

237 1513 420 1572 saltem
469 1515 740 1572 interdum
774 1515 910 1574 falsae
964 1516 1171 1574 tantum
1205 1517 1511 1575 Scribarum
1574 1525 1635 1579 δε
1701 1515 1941 1574 Pharisae-

236 1607 400 1647 orum
435 1592 891 1665 interpretationes
926 1596 988 1653 ὅτ.
1019 1593 1321 1650 traditiones
1355 1592 1683 1667 induxerant.
1760 1591 1942 1648 Testis

234 1667 309 1721 est
345 1665 583 1737 prolixus
616 1665 915 1741 ille,quem
949 1669 1002 1724 in
1038 1684 1220 1726 monte
1253 1667 1471 1731 habuit,
1503 1669 1676 1725 sermo
1711 1665 1941 1742 prasticfi

235 1757 453 1797 morum
487 1739 692 1796 scientia
722 1739 1096 1801 refertissimus,
1203 1742 1297 1800 Ibi.
1333 1743 1442 1816 Qi
1454 1744 1668 1815 fhlverit
1698 1760 1848 1798 unum
1879 1741 1939 1797 de

237 1815 484 1871 mandatis
513 1814 615 1884 istis·
644 1816 854 1870 minimis
873 1853 891 1878 ‚
949 1821 1017 1883 ὠ·
1071 1818 1292 1875 'docuerit
1321 1818 1400 1886 [ἰδ’
1420 1820 1657 1880 homines,
1718 1819 1944 1873 minimus·

234 1889 496 1946 vocabitur
540 1890 593 1946 in
635 1890 799 1963 Regno
830 1895 1071 1950 coelorum.
1184 1895 1311 1950 Dico
1343 1896 1467 1949 enim
1498 1893 1668 1956 vobis,
1704 1893 1819 1966 quia
1842 1889 1939 1962 ‘nist

237 1964 569 2021 abundaverit
587 1962 781 2040 justitia
819 1965 986 2035 vestra
1012 1964 1271 2041 plusqucim
1301 1968 1579 2025 Scribarum
1599 1971 1667 2033 ἀ·
1705 1964 1941 2036 I’harisae-

235 2059 401 2103 orum,
433 2059 528 2095 non
555 2039 804 2096 intrabitis
830 2042 883 2096 in
910 2060 1111 2113 regnum
1139 2044 1382 2099 coelorum.
1459 2042 1581 2116 Qfi
1611 2038 1940 2115 perfeflione

235 2115 429 2172 attenta
467 2133 563 2172 nec
596 2117 773 2172 mirari
806 2118 1043 2173 animum
1074 2115 1239 2178 subit,
1276 2133 1374 2173 cur
1410 2115 1555 2173 idem
1594 2116 1831 2191 joannes
1859 2118 1939 2173 A·

235 2190 473 2266 postolus
504 2189 658 2265 supra
685 2189 923 2248 laudatus
945 2190 1133 2248 iisdem
1167 2190 1414 2265 Epistolae
1444 2192 1610 2248 citatae
1653 2191 1808 2255 locis,
1841 2192 1937 2248 ubi

235 2266 547 2323 mandatum
583 2282 740 2323 vetus
761 2266 970 2340 Legem
1004 2265 1199 2323 Christi
1232 2265 1504 2339 praedicat,
1532 2265 1562 2324 ὲ
1591 2267 1811 2341 vestigio
1846 2265 1938 2324 ad-

233 2340 595 2414 „jiciat'versu
610 2340 715 2414 fieq.
740 2347 817 2406 8.,
889 2377 922 2404 ,,
943 2341 1144 2397 Iterum
1180 2341 1489 2399 mandatum
1518 2359 1727 2399 novum
1763 2341 1935 2399 scribo

234 2417 450 2477 „vobis‚
481 2417 629 2489 quod
666 2433 856 2472 verum
881 2416 954 2472 est
975 2419 1037 2476 &
1060 2417 1114 2472 in
1142 2414 1283 2489 ipso,
1310 2421 1371 2476 &
1401 2419 1455 2473 in
1480 2416 1665 2474 vobis:
1703 2419 1830 2492 quia
1856 2433 1932 2483 τεὴ

233 2490 449 2551 „nebrae
485 2489 829 2556 transierunt,
864 2495 926 2552 &
962 2507 1156 2550 verum
1192 2490 1377 2550 lumen
1410 2491 1515 2565 jam
1547 2491 1705 2552 lucet.
1718 2563 1864 2622 XVL
