2144 2852
771 206 967 288 ·ὀέβοὲφ
1010 207 1397 288 )0‘(0ss1³0g0
1898 220 1955 284 s

243 336 608 398 obediendum
639 336 669 396 a
715 339 869 397 nobis
902 339 1004 398 esie
1030 378 1048 405 ,
1091 339 1196 406 sola
1231 343 1390 398 etiam
1434 341 1647 398 rationis
1674 337 1793 397 luce
1829 336 1945 396 satis

239 417 567 472 instruimur.
663 414 745 471 Ex
775 434 839 473 eo
872 418 1046 479 enim,
1079 416 1231 488 qubd
1267 417 1415 474 Deus
1449 416 1659 473 infinitae
1697 412 1946 490 perfeeti-

240 492 358 549 onis
379 496 439 552 &
458 490 714 565 sapientiae
732 494 990 548 creaverit
1020 492 1298 548 hominem
1321 492 1388 548 ad
1410 491 1572 548 finem
1606 491 1658 548 se
1691 493 1945 566 dignum,

237 564 464 640 seipsum
498 565 777 629 videlicet,
806 566 1034 624 dubium
1061 565 1272 624 nullum
1307 569 1383 624 est
1401 607 1415 629 ,
1442 570 1575 642 quin
1610 567 1778 623 homo
1806 565 1944 622 obli-

236 659 391 716 gatus
434 641 494 697 sit
528 639 595 696 ad
631 641 1067 716 prosequendum
1098 640 1258 698 finem
1289 642 1440 700 illum
1467 679 1485 706 ,
1535 645 1621 700 eui
1659 641 1943 698 destinatus

235 717 346 776 est,
379 716 584 773 utendo
615 719 817 773 ratione
851 717 941 773 sibi
977 716 1220 774 concessa
1257 717 1322 773 ad
1354 717 1692 774 serviendum
1727 718 1845 773 Deo
1879 720 1942 776 &

235 791 302 848 ad
343 809 518 848 totum
550 790 605 846 id
626 828 645 854 ,
676 792 826 866 quod
851 794 956 854 est,
981 791 1131 867 quod
1154 793 1324 864 potest
1357 797 1420 852 &
1445 792 1596 867 quod
1628 791 1810 853 habet,
1830 791 1943 864 ejus

233 865 490 939 obsequio
537 870 598 926 &
644 865 812 924 cultui
851 867 1264 942 mancipandum
1307 885 1408 942 per
1457 867 1601 924 aetus
1635 869 1942 940 agnitionis,

230 941 574 1003 adorationis,
592 940 925 1005 humilitatis,
950 945 1285 1004 reverentiae,
1316 944 1546 1004 timoris,
1567 940 1942 1003 admirationis,

227 1016 602 1090 gratitudinis,
630 1016 992 1080 confidentiae,
1028 1017 1338 1074 obedientiae
1375 1022 1434 1077 &
1469 1019 1692 1079 amoris,
1728 1031 1941 1072 coetera-

227 1089 467 1167 rfimque
500 1095 793 1156 virtutum,
827 1097 923 1170 qui
957 1110 1145 1151 omnes
1181 1095 1340 1152 unico
1365 1092 1647 1167 Religionis
1671 1090 1937 1149 vocabulo

229 1167 789 1244 comprehenduntur.

236 1354 244 1361 ·
293 1365 297 1368 .
359 1317 470 1375 111.
508 1318 614 1376 Sed
663 1318 859 1378 infinita
894 1318 1011 1378 baec
1049 1321 1151 1378 Dei
1186 1320 1446 1397 perfefi’tio
1479 1338 1542 1381 ac
1569 1333 1795 1382 aeterna,
1830 1315 1938 1391 qua

226 1395 283 1451 in
316 1393 481 1468 seipso
514 1393 606 1451 fibi
640 1395 779 1454 solus
803 1394 1023 1460 suffieit,
1049 1398 1322 1456 beatitudo
1345 1398 1492 1455 cuitu
1526 1397 1705 1453 nostro
1730 1399 1938 1467 impen-

225 1469 284 1557 so
319 1487 415 1526 nec
447 1473 633 1544 augeri
664 1473 837 1546 potest
857 1509 886 1542 „
917 1489 1014 1528 nec
1065 1491 1134 1530 eo
1165 1474 1435 1531 subtrasio
1469 1473 1746 1533 imminui,
1776 1484 1937 1557 atque

225 1544 1524 1680 {5222&issatmfei‘gffgffffiff32333222212131
1550 1547 1938 1692 2335233253

226 1693 343 1753 det,
379 1711 501 1767 quae
531 1709 708 1750 tamen
745 1695 1019 1751 beatitudo
1046 1712 1235 1770 utpote
1263 1696 1481 1753 coelestis
1509 1698 1572 1755 δε
1603 1695 1752 1750 omni
1781 1708 1936 1753 nattk

225 1767 285 1824 ra
315 1766 615 1842 longiffimo
659 1769 937 1825 intervallo
990 1769 1230 1844 superior
1280 1772 1503 1827 Naturae
1544 1768 1687 1826 nulla
1729 1770 1935 1826 ratione

225 1841 405 1899 debita
436 1843 538 1904 est,
571 1842 659 1899 sed
694 1845 722 1899 a
752 1844 862 1900 solo
898 1844 1018 1900 Deo
1049 1843 1280 1902 conferri
1312 1846 1507 1919 potest,
1548 1849 1611 1904 &
1640 1842 1846 1901 nonnisi
1871 1839 1933 1899 ut

221 1934 429 1974 merces
460 1917 680 1974 exhibiti
717 1918 809 1975 fibi
843 1916 1017 1976 cultfis
1050 1919 1242 1978 adultis
1256 1920 1394 1978 'solet
1417 1917 1689 1991 conferri3
1714 1933 1775 1976 ut
1804 1935 1932 1991 pro-

223 1991 408 2068 pterea
455 1993 629 2049 cultus
661 1993 925 2069 ejusmodi
961 1995 1346 2073 qualiscunque
1379 2012 1560 2070 gratus
1594 1994 1665 2050 illi
1697 1993 1799 2050 effe
1837 2010 1931 2048 ne-

222 2085 417 2155 queat,
442 2067 538 2126 nifi
572 2068 683 2128 talis
718 2069 811 2134 fit,
844 2088 1011 2146 quem
1045 2070 1268 2146 ipsemet
1304 2073 1454 2134 vult,
1487 2075 1552 2131 δι.
1577 2069 1608 2126 ἓ.
1637 2070 1791 2128 nobis
1821 2069 1932 2124 exi-

220 2160 318 2217 git.

368 2292 469 2350 IV.
503 2292 585 2349 Ex
613 2309 726 2370 quo
759 2293 1124 2369 consequitur,
1165 2314 1411 2354 normam
1444 2292 1584 2351 iilam
1618 2292 1801 2350 Deum
1834 2304 1928 2345 co-

223 2366 370 2424 lendi
405 2367 472 2423 ab
507 2368 613 2440 ipsa
645 2369 919 2427 voluntate
956 2370 1149 2428 Divina
1179 2372 1386 2429 homini
1420 2368 1742 2427 manifestata
1768 2360 1928 2438 profi·

221 2443 338 2500 cisci
370 2441 594 2504 debere,
622 2444 739 2517 quo
764 2449 826 2505 &
862 2444 946 2501 illa
977 2447 1095 2504 Deo
1118 2464 1263 2522 grata
1299 2447 1393 2508 fit,
1433 2451 1494 2506 δι
1532 2463 1629 2501 nos
1660 2445 1782 2501 Deo
1806 2457 1924 2513 gra·-

225 2534 310 2574 tos
354 2517 704 2592 acceptosque
751 2517 974 2584 efficiat,
1020 2538 1182 2597 atque
1214 2521 1281 2579 ad
1329 2521 1494 2579 finem
1525 2520 1769 2578 nostrum
1802 2515 1928 2574 ulti-

222 2609 380 2651 mum
406 2593 683 2668 perducat.

960 2670 1014 2728 A
1053 2684 1087 2742 3
1695 2663 1847 2725 VE-
