2144 2852
213 189 309 292 960
782 189 959 272 Qvi&
1004 192 1032 270 )
1069 211 1108 253 0
1145 193 1175 272 (
1218 189 1395 273 ᾗῇ

227 323 340 384 bus
377 321 710 388 Christianis,
741 323 907 399 quam
947 323 1186 385 inanibus
1223 324 1488 401 ejusmodi
1523 325 1661 384 circa
1686 323 1950 388 'accidiae

224 400 353 459 -talia
387 399 633 476 quaedam
671 403 1115 476 disputationibus
1153 403 1214 465 δι’
1247 404 1702 469 contentionibus,
1739 407 1942 480 quibus

230 480 532 535 excitentur
566 479 627 537 &
656 475 943 535 foveantur
977 477 1285 542 simultates,
1325 495 1487 536 nemo
1523 480 1712 537 melior
1745 478 1946 538 efficia*

232 566 339 611 tur.
473 552 619 609 Ciim
661 554 808 610 Deus
847 552 1068 627 ipsemet
1099 555 1298 627 aliquas
1331 556 1606 629 opiniones
1652 554 1829 614 minus
1863 573 1945 613 re·

232 627 343 687 stas
375 627 647 686 condonet
678 628 828 687 facile
863 629 1151 700 intellefflffli
1185 630 1425 688 humano
1455 630 1699 688 nondum
1731 648 1798 687 ex
1822 646 1947 688 οτη-

213 722 287 764 *nl
327 723 472 780 parte
503 705 766 777 depurato
804 722 822 777 ;
860 722 958 762 nos
996 723 1176 763 autem
1217 706 1355 764 bona
1392 705 1496 762 fide
1530 712 1592 768 &
1642 724 1709 764 ex
1744 707 1947 764 eonsci-

232 786 372 839 entia
405 797 582 837 errare
619 781 876 855 poffimus
905 799 923 855 3
963 783 1050 837 ied
1100 786 1223 840 vitia
1258 783 1430 838 nostra
1465 787 1526 842 δι
1563 777 1782 839 malitias
1816 794 1947 839 con·-

231 857 435 913 donare
494 872 604 912 non
695 856 813 914 offit
843 897 859 921 ,
908 858 1124 933 eoquod
1165 858 1343 915 nullus
1381 856 1468 913 hle
1506 875 1657 913 error
1690 857 1942 917 versetur&

231 931 491 990 Praeterea
531 936 593 992 &
661 933 787 989 acile
841 931 950 990 fieri
1004 933 1174 1006 pofle,
1208 949 1267 990 ut
1303 935 1358 988 in
1399 933 1558 990 rebus
1592 933 1946 1007 spiritualibus

231 1007 500 1064 sententiae
523 1044 543 1069 ‚
591 1026 713 1083 quae
764 1010 944 1064 nostro
983 1009 1271 1066 intellefi'cui
1311 1010 1585 1065 contrariae
1623 1026 1942 1083 appareant,

232 1084 380 1155 apud
418 1084 599 1139 Deu'm
625 1083 840 1157 'optime
869 1086 1007 1139 inter
1039 1087 1089 1140 ie
1122 1079 1479 1145 concordent,
1504 1086 1594 1140 cui
1626 1079 1856 1139 liberum
1881 1082 1945 1141 fit

230 1160 446 1217 duobus
474 1160 544 1214 de
582 1176 686 1214 una
721 1177 780 1215 re
804 1160 984 1216 divina
1006 1160 1276 1222 diversos,
1297 1166 1352 1220 &
1389 1159 1558 1233 specie
1590 1161 1728 1215 inter
1757 1159 1806 1214 se
1837 1158 1943 1232 pua·

229 1251 454 1309 gnantes
502 1251 796 1307 conceptus
845 1234 1020 1308 largiri
1050 1276 1066 1299 ‚
1116 1239 1211 1312 qui
1249 1233 1591 1292 nihilominus
1629 1235 1790 1291 ambo
1826 1234 1941 1290 veri

229 1310 358 1370 fint‚
394 1309 639 1384 quamvis
675 1327 864 1366 neuter
895 1311 1104 1368 alterius
1150 1329 1386 1368 mentem
1421 1327 1611 1383 capere
1647 1309 1800 1382 poffit
1829 1325 1843 1367 τ
1872 1306 1937 1367 vid

215 1386 383 1461 >quod
423 1390 559 1441 inter
589 1386 684 1442 alia
709 1387 863 1442 etiam
890 1403 954 1441 ex
984 1389 1143 1442 animi
1176 1386 1438 1460 cujusque
1465 1383 1798 1458 dispositione
1816 1401 1940 1440 cau-

228 1462 339 1518 sam
378 1460 575 1517 habere
612 1461 800 1534 poffit,
829 1465 916 1517 cui
958 1462 1317 1519 Deuslumen
1353 1462 1507 1517 suum
1541 1459 1942 1523 accommodet,

214 1553 398 1613 prout
427 1554 707 1611 quemque
743 1536 832 1592 illo
873 1537 1099 1611 dignum
1137 1536 1350 1612 judicet.
1439 1535 1584 1593 Nam
1624 1534 1701 1592 uti
1737 1537 1789 1590 in
1828 1533 1940 1592 aliis

229 1613 392 1670 rebus
422 1628 532 1667 non
568 1615 744 1668 omnis
778 1613 844 1668 ad
877 1616 1059 1670 omnia
1091 1630 1244 1686 aptus
1279 1612 1367 1683 lit3
1402 1610 1470 1668 ita
1503 1613 1661 1667 etiam
1689 1612 1741 1666 in
1774 1610 1940 1667 scien·

225 1689 299 1745 tia
335 1687 679 1759 spiritualium
714 1685 815 1743 effe
849 1689 1047 1761 gradus
1080 1687 1642 1750 infimos‚medios,&
1673 1685 1944 1749 summos.

228 1760 395 1839 prout
427 1762 573 1818 Deus
606 1781 717 1836 pro·
742 1781 900 1837 captu
934 1765 1198 1838 cujusque
1233 1765 1522 1837 unicuique
1555 1761 1605 1817 se
1637 1763 1941 1818 communi-

227 1855 351 1895 care
387 1837 527 1894 velit.
640 1838 806 1906 Quod
855 1857 1032 1895 autem
1087 1841 1177 1895 ista
1226 1837 1552 1894 diversarum
1604 1837 1940 1911 Religionum

227 1914 649 1970 Christianarum
683 1909 1024 1984 discrepantia
1056 1913 1179 1970 fidei
1209 1912 1555 1970 fundamenta
1579 1929 1686 1968 non
1718 1917 1942 1974 evertat,

230 1987 531 2046 luculenter
570 1986 761 2043 exinde
799 1988 1018 2060 colligi,
1061 1988 1213 2062 quod
1260 1991 1314 2042 in
1350 1989 1615 2060 principiis
1649 1991 1708 2045 &
1744 1983 1941 2042 funda-

228 2064 551 2122 mentalibus
578 2064 839 2135 capitibus
875 2064 1053 2119 adhuc
1090 2063 1203 2119 satis
1242 2064 1601 2132 conveniant3
1642 2077 1821 2134 neque
1861 2076 1938 2118 at·

229 2139 497 2196 tendenda
538 2136 671 2208 effe,
698 2154 820 2212 quae
856 2140 1184 2208 argumentis
1222 2135 1452 2192 adversae
1488 2138 1651 2208 partis
1684 2153 1781 2208 per
1811 2153 1940 2193 cona

229 2215 555 2290 sequentiam
607 2210 776 2270 modo
823 2211 1205 2283 deducuntur3
1245 2210 1332 2267 sed
1372 2211 1502 2302 quid
1537 2227 1772 2286 quaeque
1802 2211 1935 2267 Reli-

230 2295 324 2364 gio
358 2287 606 2349 fateatur,
629 2287 761 2363 quid
791 2290 1000 2347 statuat,
1023 2284 1279 2343 doceatve
1303 2303 1318 2342 ε
1355 2303 1478 2342 cum
1507 2287 1707 2362 absque
1734 2286 1936 2344 calum·

230 2370 329 2421 niae
363 2364 478 2420 labe
515 2366 673 2421 tribui
708 2382 767 2420 ea
801 2365 1054 2440 cuiquam
1085 2379 1194 2419 non
1228 2361 1446 2437 puniat,
1478 2380 1600 2437 quae
1631 2360 1789 2438 plane
1827 2357 1934 2419 dif-

231 2439 442 2504 fitetur,
465 2458 525 2497 ac
546 2439 816 2515 reprobat.
1241 2458 1254 2473 ·
1872 2453 1904 2461 ·’

1791 2536 1860 2644 v.
