2144 2852
238 231 442 292 2401
789 209 1404 295 &ffhwssnfi

244 342 548 423 hypocrisin
567 381 587 409 ,
620 339 1043 420 superstitionem
1074 349 1136 408 ὅτ.
1169 349 1557 422 ignorantiam,
1588 363 1711 423 quae
1737 344 1817 408 'ab
1849 348 1953 408 ima

243 423 465 483 modico
500 421 590 478 illo
638 422 990 497 Inquisitionis
1023 421 1113 497 (si
1145 436 1326 481 tamen
1358 441 1485 482 vera
1526 422 1680 487 sunt,
1727 441 1850 500 quae
1881 423 1954 483 de

245 497 498 573 Hispanae
533 501 596 559 δε
632 496 896 555 Lusitanae
929 498 1238 556 Praesidibus
1269 496 1564 569 feruntur)
1593 501 1652 556 in
1686 498 1953 573 suspeetos

243 574 461 709 3322?
465 574 884 726 ῑὶἓρῐῖἰῖῗῗέιῖ
892 571 1956 709 ‘3⁰53ssssssssssss“²¹¹13’AEkss’ssapic‘2'3d‘ffiss

242 742 375 786 runt
410 722 587 801 potius
619 723 857 784 dossrina
887 724 1050 783 solida
1084 725 1317 801 populos
1352 726 1639 789 instruere,
1663 726 1958 784 rationibus

241 801 502 877 congruis
550 803 873 860 convincere
891 839 910 867 ‚
947 801 1246 859 Pastoribus
1294 801 1416 877 ipsis
1465 801 1556 859 fibi
1603 801 1958 860 subordinatis

245 876 525 952 invigilare
544 913 563 941 ‚
594 894 653 934 ac
683 879 898 952 puritati
939 875 1272 953 potiffimum
1305 877 1518 935 moralis
1541 876 1851 936 Christianae
1874 879 1959 937 in*

239 953 500 1017 tendere,
528 968 599 1010 ne
630 951 894 1012 dissolutio
925 969 1143 1011 morum
1173 954 1227 1009 in
1261 953 1425 1012 Clero
1461 957 1526 1015 &
1561 952 1770 1028 populo
1802 953 1960 1011 aber-

244 1032 504 1089 rationem
534 1028 565 1086 a
612 1026 717 1086 fide
765 1028 1059 1087 induceret.
1166 1028 1348 1087 Grave
1399 1027 1565 1104 porro
1603 1028 1791 1086 morali
1827 1027 1958 1088 huic

244 1106 554 1165 Christianae
604 1103 802 1163 vulnus
853 1102 1093 1180 infligere
1127 1104 1346 1163 videtur
1376 1103 1485 1180 ipsa
1523 1103 1608 1161 illa
1643 1105 1697 1160 in
1731 1102 1958 1161 Haereti-

242 1198 370 1245 cos,
430 1177 722 1253 praesertim
770 1179 1037 1254 suspefitos
1095 1178 1305 1238 tantum
1356 1184 1419 1242 &
1455 1196 1523 1238 ex
1556 1178 1958 1237 insordescentia

243 1259 302 1314 in
338 1256 887 1313 excommunicatione
933 1253 1313 1331 praesumptos,
1349 1254 1596 1312 severitas
1630 1272 1647 1327 ;
1719 1254 1959 1329 ind6que

242 1331 332 1405 (si
382 1329 512 1387 fides
573 1328 890 1386 Dofi'tiffimo
947 1329 1148 1403 Fleury
1199 1330 1336 1400 Disc.
1396 1329 1542 1388 VIII.
1576 1330 1631 1385 in
1666 1327 1796 1399 Hc‘st.
1823 1330 1957 1387 Eccl.

243 1410 301 1481 ᾗ.
349 1421 432 1479 14.
479 1403 541 1461 fit
598 1402 890 1477 habenda)
935 1402 1092 1461 nullae
1144 1419 1299 1462 terrae
1366 1403 1649 1461 laxioribus
1715 1404 1958 1461 Casuistis

244 1479 604 1541 foecundiores
674 1478 776 1536 esse
847 1478 1013 1537 solent
1034 1518 1049 1541 ‚
1106 1496 1168 1536 ac
1228 1478 1327 1536 illae
1365 1519 1381 1542 ,
1456 1481 1511 1535 in
1578 1479 1779 1554 quibus
1842 1494 1958 1536 tan-

245 1572 687 1705 aazia&
702 1553 1962 1703 ἕιὶἔὲῗὶἓῖἒὲῗἳέἒῖἷέἓὲἵὲςῗῇεῗὲἓὲἐέζωρηῗῖῗῑ

246 1711 321 1768 cis
358 1706 676 1782 Reipublicae
712 1704 979 1780 profanae,
1013 1704 1124 1763 imo
1154 1709 1216 1765 &
1252 1703 1535 1763 defeffloni
1557 1705 1586 1762 a
1621 1704 1727 1762 fide
1758 1703 1959 1763 Catho-

246 1785 346 1843 lica
377 1787 438 1844 &
459 1780 688 1839 Ecclesia
722 1782 953 1838 Romana
980 1780 1153 1838 ansam
1189 1784 1251 1842 &
1273 1781 1602 1838 occasionem
1638 1780 1764 1837 dare
1790 1777 1957 1855 posse,

247 1858 360 1919 imo
394 1857 621 1920 dedisse,
651 1853 922 1914 funestum
951 1857 1140 1913 nostris
1173 1858 1227 1913 in
1262 1857 1500 1930 partibus
1529 1855 1839 1929 exemplum
1860 1856 1959 1913 Ba·-

248 1937 356 1994 tavi
388 1951 513 1992 cum
547 1933 838 1989 Provinciis
871 1930 1036 2005 Belgii
1068 1929 1309 1988 foederati
1342 1931 1727 1993 exhibuerunt,
1746 1932 1842 2006 qui
1868 1929 1957 1995 vel

248 2011 361 2069 solo
400 2007 753 2084 Inquisitionis
786 2006 815 2064 a
864 2007 1005 2081 Rege
1045 2005 1311 2080 Hispaniae
1349 2006 1597 2081 Philippo
1631 2007 1694 2064 11.
1726 2024 1824 2080 per
1857 2004 1960 2064 Al-

248 2087 476 2157 banum,
486 2085 697 2140 Ducem
717 2080 912 2139 armata
938 2098 1101 2138 manu
1129 2081 1529 2139 introducendae
1551 2098 1702 2138 metu
1725 2086 1786 2142 &
1809 2079 1838 2138 a
1860 2081 1960 2151 Rea

249 2179 361 2241 gno
395 2159 692 2234 Hispaniae,
719 2163 782 2222 &
812 2156 842 2215 a
872 2156 1145 2233 Religione
1177 2155 1450 2215 Catholica
1476 2155 1828 2215 desciverunt.

378 2308 624 2366 XXXIII.
659 2307 740 2365 Ex
779 2305 859 2363 his
886 2304 1103 2367 scilicet,
1139 2306 1358 2384 aliisque
1395 2306 1649 2366 similibus
1688 2268 1955 2366 rationum

250 2385 585 2461 publicarum
622 2384 929 2443 momentis,
959 2383 1011 2437 in
1043 2380 1258 2439 Francia
1281 2382 1469 2440 eadem
1500 2383 1802 2459 Inquisitio,
1830 2399 1955 2440 utut

251 2460 698 2517 consentientibus
730 2456 1002 2531 Episcopis
1025 2459 1293 2516 &Senatu
1324 2459 1485 2546 Regio
1518 2457 1676 2515 semel
1710 2458 1956 2515 introdu-
2066 2480 2069 2482 ·
2133 2521 2140 2528 Α

255 2534 366 2600 δὶα,
395 2533 577 2594 denuo
615 2550 792 2593 tamen
823 2531 1019 2592 abolita
1049 2529 1174 2599 fuit,
1205 2534 1298 2594 ubi
1334 2533 1636 2596 inciderunt
1667 2533 1811 2662 bell?-
1830 2535 1957 2605 civi„

1770 2622 1878 2671 .1a,
