2144 2852
250 216 328 287 20
789 218 1398 302 ῐξέὶῡὲῡμϋῇῡέῡ

251 351 523 412 retinenda
558 352 618 411 fit
655 369 670 413 t
706 354 840 412 adeo
882 354 1060 411 severe
1094 373 1153 412 ac
1186 353 1400 430 praecise
1436 352 1639 412 Rationi
1679 350 1955 412 interdista

250 431 323 487 est
363 432 536 488 omnis
571 429 824 488 adversus
856 433 1181 504 Religionem
1227 431 1501 488 dubitatiO.

400 577 491 636 IX.
531 581 608 637 At
629 579 760 637 vero
784 582 909 638 cum
939 599 1122 637 errore
1150 582 1294 655 capi,
1320 597 1380 636 ac
1410 579 1634 637 detineri
1663 579 1717 635 in
1752 595 1812 634 re
1834 591 1953 636 tan-

249 665 300 710 ta
349 651 516 710 homo
555 656 737 730 ponit,
763 658 876 713 imo
911 654 1038 712 cum
1074 656 1189 712 satis
1223 658 1425 713 constet
1449 695 1466 718 ‚
1503 653 1952 711 innumerabilem

247 727 533 785 hominum
572 732 971 788 multitudinem
1019 732 1233 794 errasse,
1255 749 1314 788 ac
1347 748 1524 787 errare
1567 731 1858 786 etiamnum
1891 731 1950 786 in

246 804 613 876 amplectenda
651 807 919 880 Religione
948 824 964 879 3
1003 807 1230 863 dubitari
1268 823 1378 863 non
1413 805 1555 879 posse
1584 805 1690 860 aliis
1721 803 1954 867 videtur,

245 882 376 952 quin
419 896 527 935 non
564 880 847 938 honestum
885 883 1166 944 duntaxat,
1197 881 1283 938 sed
1324 886 1386 942 &
1422 879 1763 936 necessarium
1795 879 1856 935 sit
1879 877 1951 936 de

243 953 348 1011 suae
386 955 664 1029 Religionis
695 960 915 1013 veritate
955 957 1047 1012 fibi
1083 958 1310 1031 aliquam
1347 955 1734 1012 dubitationem
1759 971 1948 1011 move-

243 1047 338 1102 re3
377 1029 522 1086 secus
546 1034 692 1086 enim
729 1028 973 1087 falsarum
1001 1031 1333 1105 Religionum
1358 1030 1549 1087 asseclae
1580 1029 1632 1085 se
1663 1045 1948 1106 revocare,

242 1120 335 1160 aut
375 1121 473 1175 per
521 1106 646 1161 alios
694 1109 931 1162 revocari
985 1123 1260 1180 nunquam
1319 1120 1576 1180 poterunt
1627 1103 1657 1160 a
1699 1103 1947 1178 perversa

243 1180 522 1253 opinione,
545 1180 840 1255 inclitoque
869 1199 1080 1244 errore,
1103 1182 1139 1237 si
1178 1181 1517 1239 dubitationis
1552 1179 1671 1254 jure
1710 1181 1815 1242 uti,
1841 1177 1949 1235 hoc

240 1255 297 1309 in
331 1258 547 1330 negotio
580 1256 847 1329 piaculum
886 1257 1227 1314 existimetur.
1307 1254 1490 1312 Minus
1522 1255 1661 1311 illam
1698 1254 1948 1328 respuere

240 1346 368 1385 vera
394 1329 589 1404 Religio
613 1330 855 1393 videtur,
878 1331 1032 1403 cujus
1068 1349 1174 1388 tam
1201 1331 1352 1388 firma
1377 1331 1566 1388 debeat
1601 1329 1703 1385 effe
1734 1331 1949 1392 veritas,

241 1421 304 1461 ut
337 1421 435 1460 nec
467 1404 577 1477 ipsa
607 1404 957 1469 dubitatione,
981 1423 1040 1462 ac
1064 1409 1222 1463 animi
1248 1409 1301 1462 in
1326 1423 1609 1479 utramque
1633 1422 1840 1477 partem
1867 1405 1945 1460 se·-

239 1495 369 1536 cum
404 1479 731 1553 disceptantis
770 1481 1188 1539 contradiffione
1220 1483 1385 1539 everti
1423 1481 1603 1554 poffit,
1631 1479 1719 1535 sed
1751 1477 1944 1535 fortius

241 1554 541 1611 confirmari
574 1554 802 1628 debeat3
841 1556 1050 1613 Erroris
1080 1558 1155 1613 est
1186 1556 1360 1614 lucem
1395 1554 1617 1629 fugere:
1657 1554 1812 1615 &illi
1839 1554 1944 1612 du·-

238 1630 543 1686 bitationem
596 1633 817 1705 paverst,
848 1634 941 1706 qui
979 1634 1033 1688 in
1064 1650 1247 1688 errore
1294 1631 1599 1693 versantur,
1629 1630 1805 1704 eoque
1853 1629 1946 1685 de-

239 1707 450 1761 mentiae
499 1705 866 1768 devenerunt,
907 1723 968 1763 ut
999 1725 1161 1781 grave
1199 1707 1398 1765 ducant
1426 1706 1478 1762 se
1510 1707 1576 1762 ab
1611 1707 1802 1762 erroris
1839 1704 1946 1759 ser-

239 1783 408 1837 vitute
440 1780 685 1841 liberari,
727 1786 786 1841 ὃ(
814 1782 879 1837 ad
915 1799 1145 1855 regnum
1187 1785 1415 1839 veritatis
1466 1780 1706 1853 perduci.
1774 1778 1943 1838 Unde

238 1873 346 1910 non
383 1855 651 1909 immerito
692 1856 869 1927 plures
905 1860 1041 1911 inter
1079 1858 1429 1914 orthodoxos
1461 1857 1667 1911 Eruditi
1699 1853 1943 1915 asserunt,

238 1928 636 1986 Christianismo
676 1929 851 1985 minus
905 1931 1202 1993 adversari,
1250 1932 1414 2003 quam
1466 1930 1633 2003 vulgo
1675 1928 1942 1991 creditur,

238 2021 323 2060 eas
351 2002 794 2075 Philosophorum
815 2004 1016 2065 Sec-hs,
1033 2023 1153 2078 quae
1176 2007 1421 2062 sensuum
1441 2023 1502 2060 ac
1526 2005 1749 2059 Rationis
1771 2020 1938 2076 opem

237 2077 304 2137 ad
329 2075 744 2152 'percipiendam
797 2078 936 2134 illico
975 2082 1252 2136 veritatem
1291 2082 1515 2135 intutam
1557 2078 1658 2134 effe
1694 2077 1939 2140 sciscunt,

236 2156 465 2229 quaeqne
500 2152 745 2209 sustinent
784 2153 834 2209 se
867 2154 934 2209 ab
963 2156 1111 2208 omni
1156 2154 1350 2212 assensu
1379 2193 1394 2217 ,
1432 2153 1520 2210 sed
1552 2153 1581 2210 ὲ
1608 2153 1936 2210 dubitatione

237 2230 470 2286 veritatis
501 2228 895 2304 indagationem
923 2228 1226 2288 ordiuntur.
1813 2266 1816 2269 -

387 2379 454 2434 X.
493 2377 626 2436 Haec
661 2380 823 2454 igitur
850 2377 1203 2436 controversia
1254 2395 1364 2436 non
1401 2395 1467 2436 ex
1498 2378 1788 2451 anteceptis
1819 2378 1934 2450 opi-

236 2454 482 2508 nionibus
514 2456 691 2529 vulgi,
726 2455 813 2511 sed
846 2473 910 2511 ex
944 2456 1164 2511 veritate
1201 2454 1304 2528 ipsa
1339 2453 1636 2511 dirimenda
1669 2453 1758 2510 est.
1811 2453 1935 2510 Hac

237 2528 464 2601 inspeaa
486 2533 545 2589 &.
581 2529 843 2595 consulta,
875 2548 1037 2589 nemo
1061 2532 1192 2589 vitio
1217 2545 1426 2588 vertere
1456 2531 1654 2605 poterit
1686 2526 1936 2658 dubciltan-

1729 2617 1767 2658 tl
1829 2620 1859 2659 e
1921 2616 1931 2624 ·
