2144 2852
717 208 895 290 ane
935 210 1040 287 >0
1076 213 1107 286 <
1148 208 1327 289 ‘aas
1807 184 1934 295 ³163

221 342 463 410 servent,
491 341 554 402 fit
587 340 967 420 hypothetica,
989 342 1052 401 itt
1075 342 1373 403 scholastici
1395 342 1724 419 loquuntur,
1760 346 1817 405 id
1844 349 1939 413 est,

221 423 255 480 ἐ
290 420 611 498 quibusdam
652 421 1050 479 conditionibus
1085 437 1176 478 aut
1225 421 1466 495 Legibus
1505 424 1734 495 pendeat
1772 441 1788 496 ;
1831 425 1936 501 ipsa

222 515 403 556 tamen
432 497 673 555 Ecclesiae
700 497 1041 555 immobilitas·
1069 501 1130 558 &
1160 494 1490 554 infallibilitas
1524 501 1578 554 in
1620 497 1938 560 Christi-do-

221 574 392 632 &rina
434 579 494 635 &
525 576 744 648 negotio
781 573 953 631 salutis
981 573 1195 648 prorsus
1228 573 1462 631 absoluta
1497 574 1612 638 est,
1661 576 1819 632 nullis
1860 578 1937 635 le·-

265 651 386 707 ibus
410 666 503 706 aut
531 650 929 707 conditionibus
962 649 1232 713 adstriflza,
1263 666 1422 725 atque
1451 649 1586 707 adeo
1618 651 1725 725 ipsa
1759 652 1938 710 Eccle-

220 667 292 784 {a
330 743 610 801 nunquam
639 728 918 801 opiniones
940 726 1216 800 adoptabit
1255 744 1396 782 verae
1422 724 1578 789 fidei,
1606 727 1775 784 Sacrae
1798 729 1937 786 Scri·-

218 818 394 877 pturae
431 807 490 862 &
529 803 795 859 traditioni
818 804 1123 864 contrarias,
1146 806 1209 863 &
1243 801 1400 859 nullis
1428 801 1620 859 diaboli
1655 804 1854 862 artibus
1883 808 1939 865 iu

219 895 466 935 errorem
501 877 694 936 deduci
726 882 941 952 poterit.
1014 878 1278 935 Divinum
1310 879 1455 935 certe
1489 877 1729 936 Ecclesiae
1752 880 1937 955 Caput

169 1005 172 1008 Α
225 953 726 1029 permittere‚salvis
750 954 852 1011 suis
871 953 1309 1029 promiffionibus
1327 953 1643 1018 certiffimis,
1662 973 1943 1032 nunquam

220 1030 436 1105 potest,
475 1045 536 1087 ut
583 1029 672 1088 sua
724 1030 923 1106 Sponsa
973 1029 1268 1087 exitialibus
1307 1030 1584 1087 erroribus
1622 1030 1938 1098 consentiat,

221 1122 390 1181 quam
423 1122 642 1179 puram,
676 1106 1011 1164 immobilem
1045 1109 1107 1167 &
1140 1108 1372 1163 veritatis
1410 1105 1719 1166 columnam
1770 1110 1940 1189 usque

220 1181 290 1239 ad
308 1181 821 1242 consummationem
854 1182 1025 1241 saeculi
1061 1181 1164 1240 esse
1200 1182 1389 1241 voluit.

352 1332 499 1390 XXI.
540 1333 741 1412 Neque
768 1337 914 1393 enim
947 1335 1158 1393 Divinae
1192 1332 1574 1409 providentiae,
1603 1353 1731 1411 quae-
1758 1337 1812 1393 in
1846 1352 1942 1395 ne·-

215 1406 441 1466 cesi‘ariis
497 1427 775 1487 nunquam
841 1411 1045 1474 deficit,
1083 1410 1253 1468 deesse
1293 1410 1468 1467 media
1509 1411 1784 1469 necessaria
1818 1411 1942 1487 pof-

222 1482 367 1547 sunt‚
410 1489 559 1559 queis
598 1489 806 1545 veritati
839 1488 1093 1544 laboranti
1124 1486 1421 1548 succurrat,
1446 1483 1740 1560 faciatque,
1773 1505 1832 1543 ut
1850 1487 1940 1545 vel

222 1557 419 1632 reliqui
480 1560 721 1636 Episcopi
782 1561 887 1619 sese
947 1564 1117 1619 errori
1177 1561 1346 1616 statim
1393 1578 1705 1633 opponant,
1737 1562 1940 1621 retenta

220 1633 358 1689 avita
394 1638 454 1694 &
483 1637 610 1691 vera
647 1637 956 1710 Religione3
995 1636 1082 1692 vel
1119 1635 1172 1690 hi
1208 1636 1328 1709 ipsi,
1360 1638 1454 1708 qui
1492 1637 1545 1690 in
1581 1654 1820 1693 errorem
1858 1641 1941 1701 in-

222 1711 361 1766 cauti
395 1708 521 1784 lapsi
556 1707 803 1773 fuerant,
849 1712 955 1768 cito
986 1709 1315 1783 resipiscant,
1351 1708 1414 1765 iit
1445 1712 1498 1765 in
1533 1710 1777 1769 Concilio
1814 1717 1940 1772 Ari·-

220 1786 445 1842 minensi
477 1789 785 1862 contigerat.
891 1786 1039 1842 Nam
1073 1784 1206 1842 illud
1245 1787 1297 1841 in
1340 1785 1485 1841 rimis
1520 1787 1664 1858 apud
1701 1788 1940 1847 Catholi-

221 1876 315 1917 cos
348 1861 546 1936 liquet,
581 1867 643 1923 &
677 1878 864 1919 omnes
899 1861 1140 1935 Episcopi
1176 1879 1280 1918 con
1323 1878 1530 1924 texitur,
1564 1862 1672 1919 sine
1707 1866 1941 1937 graviffi-

220 1953 318 1995 mo
353 1940 574 1995 crimine
604 1937 800 1997 Christi
830 1937 1127 1995 doctrinam
1163 1937 1193 1994 a
1230 1936 1281 1994 se
1312 1937 1495 1993 violari
1535 1955 1642 1993 non
1681 1939 1854 2013 posse,
1876 1947 1939 2004 δι

218 2010 383 2087 ¹siquis
418 2013 780 2073 Christianum
817 2013 1087 2089 populum
1121 2016 1174 2069 in
1213 2031 1454 2070 errorem
1479 2013 1566 2069 vel
1606 2012 1852 2072 docendo
1873 2022 1936 2079 &

267 2089 596 2155 raedicando,
627 2089 717 2147 vel
750 2089 1130 2147 consentiendo
1162 2093 1221 2149 &
1257 2088 1595 2145 connivendo
1637 2090 1939 2157 induxerit,

222 2104 377 2220 Eune
414 2164 522 2221 sine
562 2165 775 2239 publica
808 2162 1133 2222 confeffione
1182 2164 1259 2221 sui
1297 2166 1529 2220 criminis
1566 2168 1626 2225 &
1663 2171 1936 2224 recantati-

225 2252 333 2292 one
356 2254 445 2294 aut
476 2240 839 2296 retractatione
862 2243 1054 2297 erroris
1077 2240 1424 2297 decedentem
1440 2280 1456 2307 ‚
1484 2241 1572 2295 vix
1603 2257 1691 2296 aut
1716 2245 1936 2316 nequic-

228 2328 394 2384 quam
443 2317 651 2369 veniam
691 2314 721 2370 a
762 2315 881 2371 Deo
935 2314 1141 2389 sperare
1180 2314 1338 2388 posse.
1452 2316 1588 2387 Qis
1623 2333 1800 2371 autem
1840 2318 1934 2376 sibi

233 2386 544 2461 persuadeat
572 2425 591 2451 ‚
639 2404 717 2445 tot
754 2388 1037 2465 Episcopos
1080 2397 1140 2451 &
1175 2391 1406 2446 Pastores
1442 2390 1468 2445 a
1505 2391 1702 2463 Spiritu
1739 2393 1933 2453 Sanfilo

231 2460 430 2533 positos
463 2462 527 2517 ad
565 2464 850 2540 regendam
885 2464 1166 2522 Ecclesiam
1201 2465 1429 2526 Christi,
1465 2483 1624 2538 quam
1662 2468 1932 2541 acquisivit

225 2533 484 2611 sanguine
515 2535 648 2605 suo,
669 2537 820 2599 datos
853 2542 909 2598 in
942 2540 1372 2674 aeqigicationern,
1404 2557 1514 2600 non
1546 2544 1815 2677 autemstin
1841 2543 1931 2601 de·

301 2651 303 2654 ,
329 2662 332 2664 ,
1092 2633 1131 2677 2
1762 2635 1856 2680 ru-
