2144 2852
768 186 1368 270 &amssffiffia
1846 200 1919 264 17

376 313 480 375 VI.
533 317 718 393 Atque
760 319 918 378 altera
955 320 1039 378 illa
1086 322 1415 398 inquirendae
1449 321 1697 378 Veritatis
1750 321 1915 386 ratio,

207 391 317 468 qua
348 411 499 450 mens
527 393 760 452 humana
801 397 1051 453 omnibus
1083 402 1369 473 anteceptis
1405 398 1744 472 opinionibus
1771 396 1914 452 vale-

205 469 387 526 dicens
418 469 547 525 nulli
571 472 672 531 rei,
694 471 786 527 nisi
818 472 1103 546 perspicuis
1131 477 1459 548 argumentis
1489 474 1722 546 probatae
1752 471 1911 528 aii'en-

205 546 364 607 titur,
393 546 422 601 a
452 546 666 601 Socrate
700 550 958 610 manavit,
987 552 1049 608 &
1071 548 1136 604 ab
1158 551 1516 611 Academicis,
1535 548 1751 622 aliisque
1786 548 1912 603 Phi-

202 617 434 693 losophis
472 619 814 696 summopere
853 623 1086 685 laudata,
1118 625 1472 699 proximeque
1512 626 1781 698 praeterito
1823 624 1910 678 lae-

203 695 356 756 culo,
390 695 420 750 ‘a
441 695 673 751 Cartefio
705 695 1031 769 potiffimum
1059 700 1335 756 instaurata
1358 718 1416 756 ac
1443 717 1731 772 temperata
1764 716 1909 755 nune

203 785 489 845 utramque
532 775 888 828 recentiorum
923 773 1372 847 Philosophorum
1412 777 1656 848 paginam
1687 773 1908 846 implet,

202 847 409 919 quippe
437 863 558 919 quae
597 846 664 902 ad
700 849 972 904 veritatem
999 850 1373 906 inveniendam
1406 867 1498 905 aut
1526 849 1702 914 saltem
1736 847 1799 904 ad
1827 865 1911 904 er·

201 932 382 976 rorem
405 921 714 978 evitandum
739 940 847 978 non
875 923 1066 996 parum
1100 924 1404 981 conducens
1429 924 1687 979 videatur.
1763 922 1909 979 Nul-

199 993 283 1050 lus
305 998 447 1052 enim
471 998 679 1053 errandi
707 996 824 1053 finis
849 998 998 1061 esset,
1021 998 1161 1054 nulla
1187 1001 1420 1055 veritatis
1448 997 1752 1054 hauriendae
1779 997 1907 1070 spes,

199 1069 295 1125 nisi
331 1073 384 1126 in
426 1071 655 1128 dubium
691 1090 983 1136 vocentur,
1006 1078 1066 1134 &
1100 1074 1471 1147 expendantur
1496 1091 1576 1130 tot
1606 1076 1907 1146 opiniones,

200 1146 498 1222 rerumque
525 1151 770 1204 notiones
799 1165 897 1222 per
919 1152 1289 1222 cogitationem
1312 1189 1326 1210 ,
1350 1166 1440 1206 aut
1464 1167 1560 1222 per
1591 1147 1762 1204 sensus
1786 1165 1906 1204 cor-

196 1237 390 1293 poreos
422 1224 474 1276 in
506 1221 1224 1297 phantasiam‚animi1mque
1265 1227 1506 1281 nostrum
1543 1222 1806 1285 immissae,
1842 1229 1905 1284 &

197 1298 445 1353 adhibitis
481 1299 555 1354 ob
594 1299 981 1356 dubitationem
1027 1302 1260 1356 veritatis
1298 1299 1608 1375 indagandae
1647 1298 1902 1361 subsidiis,

197 1371 461 1445 (Criteria
495 1390 686 1430 vocant
721 1374 843 1445 alii)
882 1376 1078 1449 quibus
1112 1393 1321 1431 errores
1345 1393 1434 1432 aut
1460 1373 1708 1450 perversa
1745 1377 1904 1430 ratio·

196 1450 486 1511 cinatione,
518 1467 610 1505 aut
638 1454 690 1504 vi
731 1450 1083 1524 praejudicatae
1117 1453 1413 1524 opinionis,
1461 1458 1520 1510 ὅ(
1558 1452 1785 1522 imperio
1823 1447 1904 1503 af-

195 1520 440 1578 fefi'tuum
477 1527 529 1579 in
567 1525 720 1581 nobis
760 1528 1135 1598 regnantium,
1184 1543 1273 1582 aut
1310 1529 1476 1581 nimio
1513 1542 1637 1596 erga
1674 1526 1903 1596 antiqui-

196 1614 358 1655 tatem
394 1599 679 1673 obsequio,
711 1600 945 1656 nimiove
971 1602 1327 1656 recentiorum
1354 1615 1667 1671 temporum
1697 1615 1900 1659 amore,

196 1690 288 1728 aut
317 1674 601 1728 immodica
626 1674 731 1729 fide
764 1674 937 1730 habita
960 1676 1144 1729 nostris
1168 1673 1425 1735 sensibus,
1447 1672 1904 1735 Moderatoribus‚

196 1748 522 1819 Maioribus,
543 1748 821 1810 Historiis,
841 1747 1055 1822 aliisque
1089 1751 1210 1803 vitae
1237 1747 1481 1804 humanae
1515 1745 1781 1804 fallacibus
1803 1747 1899 1803 do-

195 1825 455 1878 cumentis
489 1823 679 1879 investi
719 1822 1101 1897 depelluntur,
1151 1821 1367 1881 sollicito
1403 1826 1644 1880 examine
1673 1821 1899 1897 pensen-

193 1913 314 1962 tur,
341 1896 714 1961 discutiantur,
746 1897 1186 1959 &secernantun

358 2048 473 2105 VII.
514 2047 834 2105 Dummodo
870 2050 958 2106 ista
991 2050 1185 2106 erroris
1219 2048 1450 2105 evitandi
1485 2046 1896 2122 expellendique

195 2119 417 2180 subsidia
443 2123 510 2179 ad
538 2124 710 2197 ipsum
746 2142 937 2181 verum
973 2124 1308 2187 laedendum,
1336 2125 1684 2195 rejiciendum
1711 2127 1770 2182 &
1796 2126 1894 2177 im·

191 2199 549 2270 pugnandum
578 2199 743 2255 abusu
770 2203 971 2260 &vitio
995 2200 1226 2255 hominis
1251 2217 1356 2255 non
1395 2213 1801 2255 convertantur:
1826 2213 1894 2252 ne

192 2273 383 2327 scilicet
412 2272 506 2327 sub
541 2290 799 2346 praetextu
836 2275 1133 2330 eliminandi
1176 2277 1369 2330 erroris
1405 2278 1591 2328 veritas
1627 2270 1765 2344 ipsa,
1800 2286 1893 2327 aut

194 2346 431 2404 multum
482 2345 657 2403 saltem
692 2351 804 2404 veri
842 2349 1197 2410 exscindatur,
1242 2348 1389 2423 quod
1421 2348 1572 2420 aeque
1613 2346 1769 2402 refi'tae
1807 2363 1892 2402 ra-

194 2424 325 2478 tioni
362 2439 626 2495 repugnat
646 2462 659 2484 ‚
688 2441 745 2478 ac
776 2423 1015 2497 ejusdem
1050 2426 1354 2479 institutioni
1390 2424 1668 2483 convenit,
1700 2420 1766 2476 ab
1803 2437 1891 2475 er-

193 2513 317 2556 rore
348 2514 408 2556 ac
444 2494 657 2566 falsitate
695 2498 789 2556 fibi
825 2517 1054 2631 cavere.C
1144 2499 1344 2573 Neque
1391 2495 1704 2574 propterea,
1736 2495 1890 2628 guod

1662 2587 1733 2629 no
1773 2588 1819 2628 is
