2144 2852
214 228 286 277 ¹2
767 205 945 296 ᾧῷ
984 214 1015 290 >
1052 232 1090 274 0
1127 217 1157 291 <
1199 208 1375 293 &ff

207 345 415 403 bonitas
447 350 509 403 a'c
541 342 756 420 justitia,
807 366 877 407 ne
917 348 982 405 ad
1023 343 1357 422 incognitum
1384 349 1446 407 &
1475 342 1789 420 impoffibile
1823 343 1929 404 ho-

219 440 315 479 mo
352 422 809 495 obstringeretur,
851 424 1169 500 postulabat,
1206 438 1267 480 ut
1305 421 1478 478 media
1515 421 1605 478 fini
1644 422 1771 479 huic
1805 439 1926 496 per-

222 497 452 553 ducendi
491 498 735 556 homines
769 500 833 556 ad
871 503 1079 557 unicam
1110 498 1250 555 illam
1286 497 1608 571 Religionem
1638 498 1927 556 revelatam

221 575 624 647 proportionata
646 576 891 650 eligeret,
912 592 1070 653 atque
1099 574 1319 630 adderet
1340 591 1356 647 3
1394 578 1454 633 &
1479 573 1768 646 conspicuis
1791 573 1928 647 ejus·

222 647 370 705 modi
406 649 592 720 mediis
614 668 774 725 atque
808 653 1132 725 argumentis
1154 648 1498 706 constitutum
1529 648 1680 705 illum
1713 646 1926 706 colendi

223 722 490 787 modum,
528 742 641 799 quo
679 726 780 783 coli
814 730 989 801 cupit,
1020 725 1050 782 a
1082 726 1132 781 se
1167 724 1463 781 revelatum
1499 728 1561 785 &
1593 740 1926 799 praeceptum

224 797 326 855 esse
361 799 691 864 ostenderet,
720 819 842 877 quae
875 803 942 859 ab
971 800 1220 859 omnibus
1251 797 1402 857 facile
1436 817 1535 873 per
1559 802 1818 857 rationem
1849 798 1930 856 di-

223 873 402 947 gnosci
436 874 672 947 ponent,
705 882 766 937 δε
799 877 976 935 saltem
1014 893 1177 934 omne
1213 875 1451 950 prudens
1486 873 1555 930 de
1592 873 1691 931 hac
1723 874 1929 932 revela-

220 951 367 1005 tione
399 949 668 1007 Divinitus
706 950 842 1009 faeta
877 952 1107 1009 dubium
1142 950 1484 1007 excluderent
1516 967 1530 1007 ε
1568 948 1699 1006 ficut
1732 955 1793 1010 &
1826 949 1928 1007 hu-

219 1041 410 1080 manus
457 1024 752 1098 Legislator
786 1027 1164 1101 imprudentiae
1201 1024 1394 1082 merito
1427 1041 1781 1100 argueretur,
1811 1023 1926 1082 imo

221 1102 286 1159 &
318 1099 605 1173 injustitiae,
642 1101 675 1156 fi
708 1102 913 1175 legem,
948 1101 1014 1159 ad
1057 1119 1220 1177 quarn
1253 1101 1488 1158 subditos
1520 1101 1754 1175 obligat,
1778 1099 1924 1158 suffi-

218 1175 416 1231 cienter
438 1192 547 1233 non
581 1178 985 1253 promulgaret,
1021 1180 1194 1254 iisque
1226 1194 1408 1235 notam
1441 1174 1656 1234 faceret.

243 1364 248 1367 -
345 1325 466 1383 XV.
500 1324 583 1382 Ex
608 1328 807 1401 quibus
831 1328 1085 1386 omnibus
1106 1327 1208 1386 rite
1227 1327 1573 1386 concluditur
1590 1365 1609 1391 ‚
1630 1325 1807 1383 saltem
1828 1341 1924 1399 ge-

220 1401 449 1457 nericam
474 1403 739 1476 quandam
765 1408 921 1461 unius
940 1423 1079 1461 verae
1093 1405 1372 1477 Religionis
1394 1404 1565 1460 ideam
1589 1402 1764 1477 quoad
1792 1420 1925 1476 prae·

222 1476 379 1548 cipua
402 1494 712 1550 argumenta
743 1480 1150 1538 characteristica
1173 1479 1481 1536 horninibus
1508 1479 1926 1553 quibuscunque

222 1550 420 1607 debere
452 1550 554 1607 effe
587 1555 916 1628 ingenitam3
962 1573 1027 1612 ex
1060 1555 1212 1630 cujus
1251 1554 1601 1628 applicatione
1635 1554 1700 1609 ad
1733 1553 1925 1628 Religi-

220 1643 352 1682 ones
381 1625 606 1700 lingulas
642 1647 767 1688 vera
801 1631 884 1686 illa
917 1630 946 1686 a
977 1631 1096 1688 Deo
1127 1629 1354 1686 revelata
1376 1629 1404 1685 a
1441 1627 1577 1686 falsis
1600 1629 1708 1685 aliis
1731 1629 1926 1701 digno-

218 1699 287 1757 sci
314 1718 403 1758 aut
427 1705 652 1760 inveniri
682 1706 838 1779 poffit
860 1723 876 1779 3
917 1706 1038 1762 Illos
1074 1705 1203 1761 vero
1228 1722 1414 1761 omnes
1433 1704 1690 1761 vincibilis
1712 1709 1771 1764 &
1794 1706 1923 1760 cras-

219 1775 285 1831 sae
327 1779 635 1848 ignorantiae
675 1798 795 1837 reos
832 1786 894 1842 &
931 1781 959 1837 a
997 1775 1121 1837 Deo
1155 1779 1421 1854 iustiffime
1460 1780 1760 1853 puniendos
1797 1779 1924 1845 effe,

220 1852 314 1923 qui
357 1852 613 1924 Religioni
651 1856 1048 1929 qualicunque,
1079 1874 1200 1929 quae
1238 1858 1495 1929 genericae
1531 1855 1601 1909 illi
1641 1855 1923 1926 Religionis

220 1924 354 1980 ideae
389 1927 642 1982 omnibus
673 1933 966 2002 congenitae
1013 1948 1120 1986 non
1164 1931 1447 1990 convenit,
1506 1928 1613 1984 sine
1644 1930 1923 2003 investiga-

219 2002 363 2055 tione
397 2000 627 2061 melioris
663 2008 724 2066 ὃ(
775 2003 950 2061 eidem
981 2005 1112 2062 ideae
1147 2004 1316 2079 magis
1353 2002 1708 2063 consentaneae
1747 2004 1920 2064 adhae-

217 2090 380 2134 reant.

1465 2563 1661 2649 CAP.
1686 2559 1799 2646 ΙΙ.
