2144 2852
754 138 1020 274 aas)
1060 195 1161 272 o(
1202 191 1378 301 ,aaa
1809 187 1930 266 »ιτς

216 325 626 385 sedcommuni
664 324 942 388 consensu,
973 327 1027 382 in
1062 344 1172 385 uno
1215 327 1328 386 solo
1365 327 1718 387 Summorum
1750 328 1929 387 Ponti-

218 402 384 459 ficum
427 400 549 458 albo
590 400 924 470 inscribendo
971 403 1311 478 conspirent,
1345 403 1458 460 satis
1498 404 1708 462 suarum
1745 404 1930 462 Eccle-

221 477 416 534 fiarum
447 477 900 551 Apostolicitatem
936 477 1346 536 demonstratam
1381 478 1484 536 esse
1510 482 1636 544 rati,
1667 480 1759 538 ubi
1794 481 1931 538 illius

200 556 520 627 ‘continuam
568 552 961 611 Succeffionem
993 554 1382 613 enumerassent
1407 592 1426 619 ,
1474 555 1626 630 cujus
1667 556 1781 614 suas
1829 556 1931 613 effe

141 631 145 636 ’
212 628 459 686 membra
496 628 874 701 gloriabantur.
986 628 1060 686 Ita
1091 630 1462 688 Tertullianus
1493 633 1551 688 in
1588 649 1751 688 aureo
1808 631 1932 695 suo,

204 716 388 776 'quem
438 703 636 785 scripsit
685 703 933 763 adversus
982 704 1232 767 haereses,
1270 706 1429 762 Libro
1475 707 1534 762 de
1576 706 1931 782 Praescription.

217 783 331 854 Cap.
357 798 429 834 20.
455 779 696 854 loquitur
725 795 739 836 :
817 779 909 836 Ibi.
944 780 1241 855 „Apostoli
1276 780 1525 839 Ecclesias
1559 782 1704 856 apud
1740 786 1929 838 unami-

209 871 526 985 ,fiuamque
559 857 822 910 civitatem
859 855 1251 919 condiderunt,
1275 856 1303 912 a
1328 857 1526 931 quibus
1562 857 1838 913 traducem
1871 856 1931 914 fi-

211 946 255 994 ·„
295 933 340 985 ei
373 934 432 989 δε
463 930 657 986 semina
691 930 947 987 doss‘trinae
984 949 1192 988 coeterae
1224 932 1413 988 exinde
1451 931 1692 988 Ecclesiae
1744 950 1928 989 mutu-

200 1020 336 1068 ·‚,atae
373 1003 517 1068 sunt,
554 1011 614 1065 &
638 1006 880 1079 quotidie
917 1023 1344 1070 mutuantur‚ut
1368 1007 1607 1064 Ecclesiae
1644 1007 1809 1079 fiant3
1846 1011 1929 1065 A'c

209 1097 344 1154 „per
378 1080 482 1136 hoc
519 1085 579 1140 &
615 1081 735 1153 ipsae
772 1082 1091 1155 Apostolicae
1127 1083 1487 1156 deputantur,
1511 1080 1573 1138 ut
1607 1082 1809 1139 soboles
1849 1085 1929 1141 A·

210 1155 626 1229 „postolicarum
667 1156 1030 1215 Ecclefiarum.
1139 1159 1318 1215 Omne
1355 1175 1529 1232 genus
1560 1157 1626 1214 ad
1659 1161 1928 1233 originem

213 1233 397 1296 „suam
438 1231 744 1293 censeatur,
780 1233 980 1289 necesse
1011 1234 1099 1289 est.
1214 1234 1398 1309 Itaque
1423 1250 1516 1290 -tot
1548 1251 1608 1290 ac
1640 1248 1793 1289 tantae
1829 1235 1929 1291 Ec-

207 1305 402 1370 „clefiae
434 1323 537 1362 una
576 1308 649 1362 est
685 1306 766 1362 illa
802 1308 868 1363 ab
906 1307 1175 1382 Apostolis
1212 1313 1384 1383 prima
1415 1345 1435 1372 ‚
1487 1326 1693 1383 exaqua
1727 1326 1928 1367 omnes.

207 1384 328 1448 „Sic
357 1399 544 1439 omnes
573 1384 772 1456 prima,
795 1387 855 1443 &
882 1384 1205 1458 Apostolicae
1225 1423 1240 1447 ‚
1276 1384 1409 1441 dum
1447 1383 1555 1442 una
1583 1402 1768 1441 omnes
1800 1403 1929 1459 pro-

211 1459 374 1523 „bant
407 1461 694 1515 unitatem:
731 1457 866 1515 dum
901 1461 975 1515 est
998 1460 1091 1516 illis
1110 1462 1522 1516 communicatio
1553 1463 1723 1531 pacis,
1747 1465 1804 1518 ὃ(
1831 1477 1928 1532 ap-

214 1531 457 1607 „pellatio
479 1530 811 1589 fraternitatis
831 1573 844 1593 ,
867 1539 929 1595 ὃς
951 1534 1313 1591 contesseratio
1340 1533 1711 1605 hospitalitatis,
1783 1534 1928 1608 Qa-

203 1619 272 1664 ‘re
307 1604 532 1681 postulat
577 1609 747 1669 ratio,
790 1623 850 1663 ut
874 1625 1039 1679 ‘tantae
1079 1606 1413 1665 credentium
1444 1611 1760 1664 continuata:
1787 1609 1927 1665 mul·

209 1682 453 1743 titudini,
489 1685 551 1741 &
588 1696 666 1737 tot
697 1681 932 1738 Ecclesiis
967 1682 1091 1739 sacri
1129 1681 1352 1755 depositi
1387 1681 1455 1737 ab
1476 1682 1926 1755 Apostolis·acce-

210 1762 285 1834 pti
321 1756 671 1819 custodibus,
704 1759 953 1829 antiquis,
991 1762 1053 1818 &
1096 1756 1349 1814 continua
1388 1756 1716 1814 Succeffione
1754 1758 1926 1816 Pasto-

217 1852 340 1891 rum
376 1831 443 1887 ab
474 1830 740 1905 Apostolis
774 1830 1208 1889 descendentibus
1227 1871 1242 1894 ‚
1271 1835 1332 1892 &
1351 1832 1710 1888 concordibus
1746 1831 1927 1907 potius

209 1909 527 1966 adhibeatur
549 1905 706 1970 fides,
735 1905 898 1982 quam
939 1909 1029 1964 uni
1063 1908 1326 1964 Novatori
1344 1946 1357 1969 ,
1390 1906 1473 1963 vel
1503 1909 1685 1981 paucis
1714 1909 1830 1982 ejus
1851 1907 1924 1966 as-

211 1984 393 2045 seclis,
432 1982 574 2043 herl,
607 1985 670 2042 &
703 1983 757 2038 in
788 1983 986 2057 angulo
1023 1985 1192 2046 natis,
1228 1987 1288 2042 δε
1326 1999 1395 2038 ex
1435 1984 1647 2056 ingenio
1684 1982 1778 2041 suo
1816 2002 1926 2042 coe-

212 2059 396 2116 lestem
419 2057 715 2115 doctrinam
750 2059 1242 2133 interpretantibus,
1262 2061 1322 2118 δε
1347 2057 1486 2114 nulla
1514 2057 1656 2131 ligna
1675 2057 1923 2117 adferen-

212 2134 383 2195 tibus,
412 2134 610 2208 quibus
649 2133 910 2206 probent,
935 2152 1025 2191 aut
1054 2134 1154 2190 sese
1184 2133 1213 2189 a
1245 2133 1362 2189 Deo
1395 2131 1598 2196 missos,
1620 2149 1711 2190 aut
1743 2134 1926 2193 Eccle-

215 2208 342 2264 fiam
377 2206 407 2263 a
446 2207 586 2264 recta
621 2207 869 2263 sententia
905 2209 1196 2271 descivisse,
1226 2224 1314 2265 aut
1348 2210 1598 2263 novitiam
1639 2208 1783 2265 suam
1824 2211 1925 2269 do-

218 2282 440 2339 &rinam
473 2284 730 2351 paucitate
768 2284 990 2356 quidem
1015 2286 1237 2350 cedere,
1266 2283 1475 2341 sanitate
1505 2283 1666 2348 vero,
1687 2283 1794 2343 sive
1818 2297 1925 2362 pui-

212 2359 364 2413 ritate
396 2354 678 2414 Catholicis
719 2359 984 2419 antestare.

903 2472 924 2495 ‘
1011 2509 1134 2583 ας
1673 2507 1843 2568 xxn.
1893 2539 1898 2557 ›
