2144 2852
196 156 359 277 *236
798 183 1406 278 QQNCQQ

238 347 341 408 per
371 326 660 388 commoda
696 327 820 395 fiat,
855 347 977 406 quae
1013 327 1307 405 Hispaniae5
1348 328 1503 388 Italiae
1524 335 1545 394 ,’
1574 324 1795 405 aliisque
1825 325 1977 388 locis·

240 410 607 469 conveniunt,
645 405 726 464 uti
773 407 877 479 jam
920 405 1127 481 pridem
1162 406 1514 477 >observatum
1544 404 1620 462 est
1646 404 1714 462 ab
1753 402 1954 463 Isidoro

241 501 269 540 a
313 480 385 539 ud
420 482 655 538 Gratian.
683 480 807 552 Dist.
828 482 925 538 IV.
953 486 1075 539 Can.
1105 500 1159 540 2.
1231 482 1401 546 „Erit
1423 498 1603 539 autem
1633 481 1809 537 omnis
1835 479 1956 538 Lex'

240 499 522 625 „fionestffi
554 557 710 630 justa,
734 557 1011 632 poffibilis‚
1035 554 1328 616 secundum
1363 574 1635 619 naturam,
1658 552 1954 614 secundum

238 634 463 699 „Patriae
495 632 933 691 consuetudinem
947 670 965 695 2
976 632 1095 690 loco
1107 673 1121 695 ‚
1143 634 1482 709 temporique
1503 633 1847 693 conveniens,
1861 647 1955 687 ne-

238 708 514 776 „ceffaria‚
546 708 684 766 utilis
723 714 829 770 &c.
907 710 1094 784 Atque
1129 708 1214 766 vel
1247 710 1371 766 ideo
1406 726 1508 783 pro
1542 706 1840 765 diversitate
1874 705 1954 763 lo·

238 802 464 846 corum,
501 800 592 841 aut
628 800 940 860 temporum
977 785 1147 859 potest
1180 785 1366 842 eadem
1397 783 1666 860 inquisitio
1692 781 1812 839 alibi
1835 796 1954 839 tan·-

237 878 406 935 quam
439 859 580 917 utilis
611 858 712 916 effe
734 877 978 935 recepta,
1004 860 1124 917 alibi
1158 861 1289 918 vero
1320 878 1573 936 tanquam
1598 858 1819 920 inutilis,
1838 853 1953 914 imo.

236 942 302 1000 &
333 934 557 994 subinde
599 936 884 1010 perniciosa
907 973 926 998 ‚
972 935 1216 994 scandalis
1242 974 1262 999 ‚
1322 954 1383 995 ac
1432 932 1952 1010 perturbationibus

239 1007 688 1089 gravioribusque
727 1011 875 1068 malis
905 1010 1079 1068 ansam
1110 1011 1352 1086 praebens
1384 1010 1578 1068 merito
1615 1009 1843 1066 exulare.
1882 1007 1952 1066 Et

241 1088 370 1146 etim
418 1086 584 1159 porro
620 1086 804 1144 Politia
841 1092 901 1148 &
939 1086 1206 1163 disciplina
1254 1089 1485 1145 exterior
1534 1083 1773 1143 Ecclefiae
1820 1087 1960 1158 cum‘

239 1165 378 1222 statu
402 1161 622 1218 Politico
643 1166 704 1222 &
739 1162 957 1235 publico
977 1163 1140 1238 Regni
1162 1164 1474 1237 Systemate,
1503 1160 1652 1237 quod
1689 1162 1744 1216 in
1776 1159 1954 1217 diver-

238 1238 305 1296 fis
335 1236 521 1294 mundi
564 1238 801 1311 partibus
841 1254 931 1293 aut
971 1238 1261 1296 Provinciis
1297 1256 1407 1296 non
1447 1255 1619 1295 unum
1667 1235 1952 1325 idemque,

236 1312 328 1370 sed
364 1314 573 1368 varium
609 1315 669 1371 &
702 1310 974 1367 diversum
1010 1317 1205 1386 pariter
1236 1315 1432 1376 existit,
1462 1311 1602 1368 arcte
1631 1309 1948 1373 admodum,

237 1391 374 1464 quin
409 1385 543 1443 adeo
579 1402 816 1443 connexa
849 1384 951 1443 esse
982 1386 1352 1462 dignoscatur,
1391 1403 1452 1444 ut
1485 1387 1552 1443 ab
1585 1384 1826 1457 ejusdem
1861 1400 1946 1440 ra·-

237 1465 470 1521 tionibus
499 1461 551 1517 se
591 1458 809 1535 prorsus
850 1461 1029 1519 divelli
1079 1461 1223 1519 haud
1262 1465 1524 1537 patiatur3
1561 1474 1948 1534 argumentum

284 1539 394 1596 uod
423 1538 475 1593 in
501 1536 739 1611 praesenti
763 1535 1116 1613 Inquisitionis
1136 1539 1352 1595 materia
1374 1538 1440 1596 ab
1464 1535 1717 1610 Hispania
1743 1538 1805 1595 &
1824 1533 1947 1592 Lu-

238 1557 416 1673 gtania
444 1617 505 1674 δε
543 1614 747 1670 coeteris
782 1615 934 1670 terris
965 1611 1031 1670 a'd
1064 1612 1162 1669 alia
1191 1613 1366 1688 Regna
1390 1617 1454 1677 &
1480 1610 1779 1673 Provincias
1802 1608 1947 1669 orbis

236 1689 365 1750 duci
396 1705 564 1754 amat,
586 1687 763 1747 minus
797 1686 943 1747 recte
978 1687 1283 1749 concludet.
1942 1706 1946 1709 ·

364 1840 564 1899 XXIX.
600 1840 680 1899 Sit
711 1839 990 1899 enimvero
1024 1840 1109 1900 illa
1140 1841 1283 1901 utilis
1322 1838 1610 1916 Hispanis,
1650 1835 1946 1901 Lusitanis,

235 1920 301 1981 δε
332 1917 465 1979 aliis,
496 1917 556 1975 fit
589 1923 649 1979 δε
679 1919 840 1992 genio
872 1934 930 1974 ac
966 1917 1131 1975 indoli
1158 1935 1351 1975 eorum
1383 1916 1551 1989 magis
1578 1912 1945 1979 accommoda,

233 1994 349 2052 imo
378 1992 650 2050 neceslaria
671 2031 690 2056 ‚
722 1991 941 2068 eoquod
982 1992 1199 2051 illorum
1235 1995 1443 2067 ingenia
1479 1991 1704 2048 nimium
1742 1989 1944 2045 luxuri-

232 2068 368 2127 antia
399 2072 459 2130 &
485 2070 620 2126 ultra
653 2068 880 2126 modum
916 2069 1181 2125 ambitioia
1214 2066 1383 2124 fraeno
1412 2065 1617 2124 arctiori
1648 2061 1945 2122 coercenda

232 2145 577 2207 viderentur,
615 2160 684 2200 ne
722 2148 776 2200 in
820 2142 1414 2201 errores'exorbitantes
1445 2139 1597 2198 facile
1647 2139 1735 2196 sua
1771 2147 1948 2196 temo·

232 2222 383 2277 ritate
423 2218 801 2277 deflecterent:
839 2217 925 2274 sed
959 2220 1115 2275 etiam
1153 2218 1236 2275 vel
1269 2216 1394 2274 inde
1429 2215 1598 2292 magis
1620 2215 1808 2290 Regnis
1837 2214 1946 2271 istis

234 2298 515 2357 convenit,
550 2313 636 2357 ut,
662 2292 925 2370 quidquid
961 2292 1282 2368 Judaeorum
1318 2310 1378 2349 ac
1409 2293 1733 2350 Maurorum
1764 2289 1860 2346 illis
1883 2291 1941 2346 in

234 2373 387 2427 terris
413 2369 673 2443 superest,
693 2372 785 2445 qui
809 2368 875 2426 ad
907 2367 1291 2427 simulationem
1321 2367 1601 2426 Christiani
1631 2365 1763 2423 ritfis
1790 2381 1955 2426 com·.

233 2446 389 2519 positi
423 2448 664 2501 animum
706 2445 949 2501 nondum
988 2444 1291 2506 mutarunt,
1329 2448 1392 2505 &
1425 2447 1644 2518 utrique
1674 2440 1942 2515 Reipubli-
1970 2455 1973 2458 ’

233 2535 308 2577 cae
345 2519 646 2596 gravissime
678 2519 896 2579 insidiati
931 2518 1117 2598 saepius
1168 2517 1393 2583 fuerunt
1414 2556 1437 2587 ‚
1484 2535 1636 2579 metu
1680 2515 1941 2600 gravioris
1970 2532 1973 2545 ³

277 2624 281 2628 .
326 2639 336 2644 ,
1002 2651 1004 2653 ¹
1723 2605 1862 2668 eiu&
