2144 2852
259 228 368 302 146
795 219 1408 302 022510⁵>53<ffl>0(¹>30030

250 358 378 415 suos
413 351 610 412 docere
649 371 838 412 omnes
888 371 1076 430 gentes
1104 353 1297 430 Joann.
1325 373 1417 415 20.
1451 372 1506 413 v.
1537 370 1630 414 21.
1664 358 1726 417 &
1761 350 1959 411 doetri-

250 451 335 492 nae
366 431 607 488 salutaris
634 429 847 506 pabulo
891 450 1119 506 gregem
1154 430 1314 489 suum
1356 431 1599 507 pascere,
1643 429 1757 487 imo
1793 434 1855 490 &
1881 445 1960 485 re·

249 526 381 585 gere
430 506 584 563 velut
624 508 945 581 potestatem
984 507 1244 564 habentes
1256 543 1273 571 ,
1312 526 1454 583 quos
1503 507 1699 565 scilicet
1735 504 1926 562 eadem
1944 539 1961 566 ,

244 584 357 660 qua
393 580 504 656 ipse
536 580 566 637 a
604 583 760 638 Patre
797 583 1123 657 praecellenti
1161 601 1223 640 ac
1258 584 1545 659 principali
1579 582 1812 640 donatus
1842 577 1960 636 fue-

245 676 359 721 rat,
429 657 677 720 otestate‚
700 658 1030 715 ministeriali
1067 675 1248 716 tamen
1274 659 1534 716 duntaxat
1555 662 1617 720 &
1642 656 1957 718 vicariana-

246 736 362 792 stru
419 751 480 790 os
530 732 701 796 misit,
737 735 986 810 inquiens
1016 754 1044 809 ,ε
1082 735 1231 792 Sicut
1267 736 1408 810 misit
1439 753 1524 792 me
1555 736 1736 792 vivens
1777 733 1957 793 Pater,

243 807 322 867 itti
362 827 445 881 ego
483 809 639 865 mitto
675 824 769 868 vos
797 845 814 873 ‚
865 828 926 868 ac
958 809 1252 886 propterea
1289 810 1445 886 aeque
1464 846 1471 853 -
1493 812 1618 868 illos
1657 806 1957 866 audiendos

244 886 426 944 voluit
456 919 474 946 ‚
522 886 704 961 ‘iisque
747 885 1245 961 obtemperandum
1270 922 1286 950 ,
1338 905 1534 958 eorum
1579 898 1959 957 contemptum

243 962 413 1020 suam
429 959 704 1017 declarans
743 958 1030 1025 offensam,
1047 963 1199 1019 Lucae
1235 968 1355 1021 10.=
1404 962 1519 1043 Qi
1548 980 1641 1018 vos
1671 961 1843 1020 audit,
1875 975 1959 1013 me

240 1038 418 1100 audit,
453 1037 546 1111 qui
571 1055 666 1093 vos
681 1032 889 1114 spernit,
904 1073 922 1101 ‚
959 1057 1043 1095 me
1054 1035 1299 1116 spernit5
1334 1039 1521 1116 Atque
1556 1054 1669 1095 non
1704 1033 1956 1092 obedien-

242 1114 394 1171 tibus
438 1111 681 1168 terribile
714 1113 851 1170 illud
889 1114 1162 1172 inculcat:
1202 1113 1397 1171 Matth.
1437 1120 1519 1180 18.
1544 1134 1597 1172 v.
1638 1126 1721 1182 17.
1762 1110 1822 1167 Si
1859 1107 1955 1164 Ec-

241 1188 439 1261 clesiam
471 1203 575 1242 non
608 1190 853 1250 audierit,
876 1190 952 1262 sit
977 1190 1070 1246 tibi
1088 1191 1230 1263 sicut
1265 1188 1517 1247 Ethnicus
1553 1190 1617 1254 Εἴ
1637 1185 1956 1243 Publicanus.

242 1263 409 1322 Unde
440 1260 565 1317 Ati.
611 1278 693 1319 10.
724 1281 778 1318 v.
803 1270 895 1328 28.
934 1264 1195 1321 dicuntur
1227 1265 1468 1322 Pastores
1498 1265 1644 1337 positi
1686 1261 1720 1317 (ἲ
1756 1261 1962 1334 Spiritu·

241 1337 432 1397 SanHo
471 1353 636 1406 regere
659 1336 928 1410 Ecclestam
962 1339 1077 1395 Dei.
1156 1341 1344 1413 Atque
1369 1339 1738 1396 obedientiam
1764 1335 1957 1391 iisdem

246 1414 314 1469 ab
368 1410 626 1468 omnibus
674 1411 860 1468 deberi
923 1413 1122 1470 Paulus
1142 1445 1146 1448 ·
1169 1413 1325 1469 Hebr.
1368 1429 1451 1486 13.
1503 1431 1557 1471 v.
1606 1429 1688 1485 17.
1726 1424 1954 1466 monetz

245 1488 448 1546 obedite
483 1486 771 1560 Praeposz'tis
801 1486 977 1562 vestris
1010 1490 1075 1554 εἰ
1091 1484 1344 1567 subjacete
1374 1490 1459 1545 eis.
1537 1487 1637 1562 Ipsi
1673 1488 1811 1543 enim
1838 1497 1954 1559 per-

243 1563 489 1638 vigilant,
519 1561 663 1637 quast
689 1563 941 1620 rationem
974 1577 1073 1640 pro
1107 1564 1377 1623 animabus
1410 1561 1584 1640 vestris
1615 1561 1885 1620 redditura.

443 1711 549 1770 1V.
627 1714 936 1772 Inerrantiae
971 1712 1113 1771 vero>
1142 1715 1290 1773 dono
1312 1750 1329 1779 ,
1388 1719 1450 1777 &
1486 1710 1751 1770 infallibili
1787 1711 1954 1786 Spiri-

244 1787 383 1846 ritfis
437 1787 618 1845 Sancti
660 1788 936 1846 affistencia
986 1790 1219 1848 eandem
1262 1790 1648 1848 authoritatem
1685 1789 1954 1856 munitam

242 1862 347 1920 esse
365 1898 380 1924 ‚
409 1867 470 1924 &
492 1861 613 1921 finis
647 1861 894 1937 ejusdem
933 1868 988 1920 in
1027 1865 1186 1922 Sacra
1223 1867 1503 1940 Scriptura
1543 1861 1817 1938 expressus
1835 1897 1852 1924 2
1891 1865 1953 1922 δε

244 1939 454 1997 disertae
486 1937 633 1994 illius
657 1938 1035 2012 promiffiones
1064 1958 1176 1997 non
1196 1938 1527 1997 frustrabiles
1556 1941 1782 2014 exigunt
1805 1958 1820 1993 ε
1845 1935 1950 1993 Vel

244 2011 372 2071 ideo
405 2015 554 2069 enim
590 2009 761 2091 Ephefi
782 2028 836 2087 4.
858 2031 911 2069 v.
947 2030 1030 2070 11.
1109 2015 1326 2077 „Dedit
1356 2016 1509 2072 Deus
1541 2012 1809 2090 quosdam
1833 2011 1951 2086 qui-

245 2089 413 2161 „dem
447 2088 779 2162 Apostolos,
853 2088 1085 2145 uosdam
1120 2105 1303 2146 autem
1339 2088 1670 2162 Prophetas,
1702 2087 1834 2143 alios
1857 2103 1948 2142 ve-

244 2163 347 2227 „ro
379 2164 774 2237 Evangelistas‚
819 2182 847 2219 a
871 2165 950 2219 ios
985 2178 1166 2219 autem
1201 2163 1441 2220 Pastores
1477 2167 1539 2223 &
1570 2161 1841 2220 Dostores
1879 2159 1948 2218 ad

244 2235 764 2315 „consummationem
792 2237 1107 2296 Sandlorum
1141 2241 1197 2295 in
1242 2257 1385 2313 opus
1417 2237 1726 2301 ministerii,
1755 2239 1812 2295 in
1830 2238 1949 2293 aedi-

242 2313 568 2389 ,ficationem
595 2314 831 2388 Corporis
857 2313 1048 2388 Chrfii.
1089 2355 1104 2370 .
1146 2357 1159 2371 .
1201 2358 1215 2371 .
1256 2314 1333 2372 Ut
1354 2313 1464 2390 jam
1495 2332 1607 2371 non
1642 2314 1806 2371 simus
1869 2329 1949 2368 ar-

244 2390 400 2452 „vuli
432 2388 781 2452 fluctuantes,
806 2394 866 2451 δε
889 2386 1338 2446 circumferamur
1368 2392 1517 2447 omni
1554 2406 1719 2447 vento
1746 2389 1817 2446 do
1875 2388 1944 2443 ri-

246 2482 363 2525 „nae
414 2467 470 2520 in
509 2467 749 2538 nequitia
788 2464 1104 2526 hominum,
1146 2467 1202 2520 in
1240 2466 1427 2522 astutia
1465 2466 1532 2522 ad
1566 2464 1944 2523 circumventi-

245 2557 447 2599 »onem
494 2541 695 2597 erroris
717 2575 734 2603 ,
771 2542 1043 2598 veritatem
1080 2555 1263 2599 autem
1294 2536 1547 2601 facientes
1576 2542 1643 2602 „in
1678 2541 1944 2668 chaviitatm

1676 2631 1764 2670 cre
1788 2630 1868 2668 ca-
