2144 2852
801 167 1406 276 Qssim<ffaffl
1875 194 1974 260 45·

247 311 334 373 res
366 316 595 372 rationes
627 327 810 372 contra
854 315 996 373 illam
1035 318 1331 392 excogitare
1369 315 1668 392 potuerint,
1715 332 1838 392 quae
1885 314 1954 373 ad

249 392 479 465 speciem
519 389 991 465 probabiles,licet
1023 392 1332 450 non'efient
1365 391 1580 466 reapse,
1620 392 1741 465 ipsis
1779 409 1956 451 tamen

246 483 562 541 apparerent
590 503 608 529 ,
655 470 742 528 et,
780 465 1111 540 singulorum
1150 467 1366 525 illorum
1405 467 1722 542 dogmatum
1760 473 1976 527 verita-'

241 557 504 607 ,temnon
541 540 641 598 effe
674 540 939 607 evifi'tam,
973 543 1201 619 probare
1234 545 1294 601 iis
1322 542 1650 602 viderentur.

394 691 483 749 Ill.
520 690 681 749 Unde
722 694 784 752 &
814 690 903 749 hic
933 691 1215 751 extrinseca
1247 690 1458 751 tantum
1491 708 1806 768 argumenta
1832 711 1952 750 om-

242 768 396 826 nium
435 767 860 841 Christianorum
894 766 1143 842 suffragio
1176 772 1546 845 requiruntur,
1579 788 1638 826 ac
1661 767 1950 831 sufficiunt,

243 844 440 920 quibus
458 844 648 899 'divina
682 841 887 899 tantum
926 844 1040 917 ejus
1067 846 1222 919 origo
1243 882 1262 909 ,
1293 845 1424 907 sive,
1458 842 1610 921 quod
1648 844 1676 900 a
1711 845 1830 900 Deo
1864 862 1950 900 re-

239 918 408 975 velata
451 918 511 974 sit
536 957 549 979 ,
588 919 1005 992 comprobetur,
1031 936 1149 992 quae
1191 919 1460 994 signa‚seu
1498 922 1696 976 motiva
1719 919 1970 975 credibi-'

239 993 394 1050 litatis
424 993 610 1066 Capite
650 996 834 1068 priore
867 993 1126 1068 appellata
1160 995 1306 1068 sunt3
1332 995 1634 1052 dummodo
1675 993 1790 1050 talia
1819 993 1947 1059 fint,

238 1087 363 1144 quae
398 1068 694 1125 Divinitatis
733 1070 1012 1144 quidpiam
1036 1069 1258 1143 spirent,
1282 1074 1343 1131 &
1365 1072 1505 1127 vires
1528 1070 1802 1126 causarum
1828 1087 1946 1126 cre-

237 1160 445 1201 atarum
486 1144 800 1218 exsuperent
832 1160 992 1219 atque
1027 1146 1312 1209 excedant,
1350 1144 1474 1203 cilm
1509 1145 1630 1202 alias
1662 1162 1943 1220 nunquam

236 1218 424 1276 eadem
460 1217 488 1274 ὃ
523 1219 858 1292 supposititiis
889 1220 996 1276 aliis
1020 1220 1327 1297 quibusque
1360 1221 1718 1295 Religionibus
1749 1220 1943 1277 huma-

234 1311 309 1352 no
344 1291 548 1351 tantum
587 1298 802 1370 ingenio
835 1295 1073 1352 confictis
1109 1296 1222 1353 satis
1248 1296 1298 1352 se
1329 1296 1677 1359 discerneret,
1700 1296 1792 1353 nisi
1817 1304 1948 1370 pro-⁴

233 1367 356 1502 fiiis
387 1369 603 1444 reliquis
638 1371 890 1427 omnibus
923 1371 987 1427 ad
1027 1372 1342 1429 Divinarum
1378 1370 1776 1447 perfeEtionuin
1803 1372 1960 1427 simi-'

259 1445 514 1502 itudinem
554 1446 806 1502 accedere
843 1445 972 1510 sese,
995 1447 1311 1504 ostenderet.
1390 1448 1559 1504 Nunc
1595 1446 1662 1504 ad
1698 1446 1801 1521 ipsa
1827 1447 1941 1503 haee

234 1526 551 1593 argumenta
611 1538 718 1577 tam
770 1521 1031 1579 evidentia
1067 1526 1128 1582 δε
1178 1539 1286 1579 tam
1324 1522 1492 1579 multa
1528 1522 1941 1595 progredimur,

234 1596 434 1671 quibus
468 1613 572 1652 una
613 1596 813 1669 Religio
848 1594 1136 1653 Christiana
1186 1596 1252 1653 ad
1292 1596 1533 1671 Judaicae
1572 1595 1941 1668 complemen-

236 1688 354 1729 tum
387 1669 416 1726 ὃ
452 1669 571 1726 Deo
598 1671 824 1726 revelata
856 1671 1149 1742 probetur,
1183 1671 1399 1745 reliquae
1433 1667 1565 1726 vero
1590 1687 1776 1727 omnes
1809 1678 1965 1728 con-'

234 1747 368 1804 fic’tae
400 1744 466 1801 ab
502 1744 807 1800 homiuibus
842 1744 927 1799 vel
957 1744 1256 1817 depravatae
1305 1745 1694 1818 ostendantur3
1735 1763 1798 1802 ut
1835 1745 1936 1802 ho-

233 1824 363 1880 mini
399 1819 649 1894 prudenti
685 1821 958 1896 integrum
1007 1836 1118 1878 non
1157 1819 1243 1886 fit,
1284 1819 1591 1879 Christianae
1628 1837 1825 1896 negare
1864 1819 1935 1878 as-

231 1896 456 1957 sensum.

363 2046 453 2103 IV.
492 2045 640 2104 Sicut
676 2060 854 2104 autem
891 2046 1040 2106 Deus
1074 2047 1238 2105 menti
1274 2046 1463 2105 nostrae
1493 2042 1823 2123 singulariter
1846 2066 1931 2106 re·

232 2121 469 2198 splendet
504 2138 603 2196 per
632 2123 914 2181 cumulum
939 2127 1104 2182 trium
1132 2118 1462 2198 potiffimiim
1497 2125 1931 2181 nobilissimarum

218 2199 427 2255 ,dotum
451 2232 471 2258 2
507 2197 779 2254 Attributa
815 2198 1001 2256 dicunt
1045 2198 1320 2272 Theologi
1345 2238 1358 2260 ,
1396 2199 1669 2272 Sapientiae
1712 2199 1931 2261 scilicet,

235 2273 517 2332 Potentiae,
541 2275 602 2330 &
623 2271 872 2329 Bonitatis
893 2273 1295 2347 Sanaitatisque
1320 2274 1420 2329 suae
1433 2306 1448 2335 ,
1473 2271 1540 2328 ita
1561 2272 1758 2346 Religio
1773 2273 1930 2330 Chri-

232 2348 392 2404 stiana
426 2343 702 2401 evidenter
737 2346 787 2403 se
816 2348 1122 2405 credibilem
1158 2364 1409 2423 tanquam
1447 2347 1699 2403 divinitus
1732 2350 1930 2412 revela-

234 2437 343 2479 tam
379 2418 590 2492 prodit,
626 2419 844 2496 eoquod
878 2425 931 2478 in
960 2441 1018 2480 ea
1040 2423 1123 2479 hae
1153 2422 1274 2495 ipsae
1303 2421 1626 2478 nobiliffimae
1660 2421 1811 2479 dotes
1834 2424 1929 2482 fin-

235 2497 489 2572 gulariter
519 2511 833 2570 appareant,
854 2513 1025 2574 atque
1055 2498 1136 2628 2⁸³⁵
1172 2497 1253 2555 illa
1286 2497 1492 2571 ipsimet
1525 2495 1643 2556 Deo
1682 2497 1731 2555 se
1759 2501 1927 2628 msagls

643 2574 648 2577 ’
1142 2584 1173 2644 3
1741 2576 1791 2629 ai
1813 2595 1851 2629 ι-
