2144 2852
720 196 899 286 Q*
937 200 1100 282 >foc
1141 198 1316 284 a*
1775 222 1891 281 249

186 328 427 406 probata
450 332 775 400 tolerentur,
807 339 867 399 δε
899 337 1102 413 pudori
1131 336 1535 411 relinquantur,
1569 342 1687 390 'non
1707 348 1887 409 'poenae

184 407 551 482 snbjiciantur.
665 411 886 469 Etenim
924 431 1037 469 non
1074 411 1285 486 semper
1324 410 1562 486 Principi
1609 411 1888 484 integrum

184 484 290 544 est,
323 501 387 539 ea
418 483 612 542 tollere
651 502 744 543 aut
771 488 1077 550 eliminare,
1114 487 1204 543 sed
1236 485 1538 543 verendum
1571 481 1786 558 potius,
1817 503 1889 542 ne

183 561 417 614 mutatio
445 563 506 620 δε
529 559 755 619 sublatio
787 563 936 624 talis,
967 562 1262 636 praesertim
1293 561 1563 618 subitanea
1594 563 1655 619 δε
1682 559 1889 617 violen-

178 646 263 694 ta,
299 631 474 708 magis
510 633 714 692 damno
755 637 1085 712 Reipublicae
1120 634 1304 693 futura
1344 636 1437 697 fit,
1470 634 1637 710 quam
1676 634 1886 692 emolu-

181 724 387 764 mento,
467 708 775 784 Legislator
813 728 906 769 aut
950 713 1206 786 Princeps
1234 712 1372 768 dum
1404 712 1567 766 nimis
1603 711 1884 800 emungit,

178 780 326 838 elicit
364 782 681 858 sanguinem
699 823 716 849 ,
755 785 817 844 ut
850 790 923 844 ait
952 787 1210 845 Salomon
1243 785 1481 843 Proverb.
1508 797 1612 859 cap.
1643 800 1693 857 3.
1714 800 1732 855 ς
1751 802 1886 842 cum

174 857 423 914 conditio
466 859 785 925 hominum,
812 862 1178 921 multitudinis
1201 861 1526 935 praesertim,
1556 877 1678 934 quae
1707 857 1737 914 ὲ
1761 857 1884 933 plu·

177 930 330 988 ribus
365 932 579 1008 semper
616 937 769 993 maiis
817 938 1024 995 constat
1057 972 1075 1000 ‚
1123 954 1236 993 non
1284 933 1422 992 ferat
1458 937 1694 991 nimium
1732 936 1881 1009 rigo·

177 1025 337 1063 rem:
374 1025 438 1065 ut
474 1009 559 1066 vel
595 1011 722 1068 inde
758 1013 824 1069 ad
859 1013 1094 1069 summas
1128 1012 1351 1086 Imperii
1389 1009 1624 1066 habenas
1660 1011 1884 1084 ineptus

175 1081 487 1145 censeatur,
523 1089 619 1159 qui
655 1086 983 1144 diffimulare
1018 1087 1210 1149 nescit,
1250 1103 1349 1142 nec
1381 1086 1515 1141 alios
1547 1083 1766 1140 suarum
1804 1083 1878 1141 le-

174 1173 313 1230 gum
346 1157 571 1222 limites,
607 1160 774 1236 quam
806 1160 1197 1236 perfeaiffimae
1230 1160 1516 1234 cujusdam
1547 1158 1878 1232 Reipubl-icae

173 1230 459 1288 Platonicae
497 1251 750 1293 normam
783 1238 1165 1299 constitueret,
1187 1239 1505 1297 immemor,
1533 1236 1591 1290 in
1621 1232 1752 1291 faece
1773 1235 1880 1293 Ro-

172 1305 310 1362 muli
350 1305 402 1363 se
438 1311 738 1368 etiamnum
796 1311 1011 1369 versari.
1126 1313 1297 1369 Sicuti
1333 1307 1598 1366 nimirum
1645 1308 1876 1366 Medico

171 1399 284 1437 non
316 1381 528 1457 semper
549 1387 827 1460 integrum
844 1388 949 1450 est,
973 1385 1386 1461 aegrotantibus,
1407 1383 1658 1441 nondum
1680 1383 1870 1458 explo-

171 1456 283 1512 rata
314 1455 432 1512 fatis
473 1461 678 1516 virium
715 1459 995 1523 facultate,
1014 1461 1339 1517 medicinam
1371 1459 1644 1534 applicare
1679 1474 1869 1532 quam-

170 1547 391 1604 cunque
409 1565 425 1592 ‚
458 1536 613 1604 quia,
648 1534 829 1607 judice
863 1537 1062 1593 Seneca
1090 1537 1146 1591 in
1183 1531 1366 1608 Coanl.
1388 1537 1451 1589 ad
1471 1532 1787 1606 Helvid.cap.
1816 1548 1863 1590 1.

81 1642 87 1644 >
170 1608 228 1662 in
265 1604 474 1662 morbis
507 1607 644 1662 nihil
678 1609 754 1664 est
788 1609 959 1683 magis
991 1600 1383 1682 periculosum,
1414 1605 1580 1681 quam
1615 1608 1869 1664 immatu-

167 1698 228 1738 ra
266 1679 533 1737 medicina
556 1717 574 1744 ‚
625 1686 687 1742 δε
725 1683 933 1740 Medici
971 1683 1096 1757 plus
1127 1684 1312 1756 quiete
1332 1717 1349 1744 ‚
1428 1679 1554 1738 uam
1588 1681 1866 1739 movendo

171 1770 334 1830 atque
363 1756 576 1830 agendo
608 1756 903 1831 proficiunt
930 1791 948 1821 a
999 1755 1062 1814 itt
1096 1759 1151 1813 in
1189 1756 1342 1813 simili
1382 1774 1416 1813 o
1457 1755 1630 1813 servat
1667 1754 1866 1814 Livius

168 1831 278 1887 Lib.
307 1849 398 1888 22.
431 1843 536 1905 cap.
578 1840 660 1898 18.
738 1833 858 1888 Pari
891 1836 1101 1888 ratione
1138 1830 1242 1889 sese
1279 1849 1363 1887 res
1401 1829 1563 1886 habet
1598 1832 1655 1885 in
1687 1831 1761 1887 Re
1804 1849 1864 1887 u-

166 1905 334 1968 blica,
361 1923 482 1980 quae
515 1911 735 1980 corpori
769 1907 1008 1963 humano
1041 1908 1353 1981 aegrotanti,
1391 1904 1689 1979 multisque
1713 1904 1768 1965 ,la
1809 1923 1867 1962 o-

168 1984 309 2040 ranti
333 1980 487 2037 malis
510 1981 772 2055 aptiflime
801 1998 1162 2056 comparatur3
1183 1979 1645 2041 ci1m&homines
1667 1982 1861 2042 acriter

168 2061 229 2115 in
251 2074 432 2114 mores
450 2091 466 2118 ‚
492 2075 553 2114 ac
575 2059 709 2114 vitia
732 2055 893 2114 semel
919 2055 1180 2131 assumpta
1210 2054 1613 2130 propendeant,
1637 2057 1699 2116 &
1726 2071 1864 2128 prae..

166 2147 430 2205 concepta
447 2129 606 2189 semel
628 2130 941 2206 praejudicia
960 2130 1277 2189 difficillime
1291 2132 1576 2187 vincantur
1588 2163 1604 2191 ,
1616 2146 1862 2204 quorum

169 2210 460 2264 immatura
483 2224 543 2263 ac
558 2207 793 2263 violenta
804 2209 1061 2263 coercitio
1084 2209 1181 2263 uni
1204 2205 1351 2261 malo
1374 2204 1549 2279 plura,
1558 2203 1731 2279 eaque
1742 2221 1864 2278 gra-

170 2285 427 2343 viora‚&
448 2280 583 2354 ipsas
606 2299 830 2355 quoque
866 2280 1149 2338 seditiones
1173 2299 1232 2337 ac
1263 2280 1447 2336 turbas
1471 2278 1718 2352 publicas
1746 2296 1865 2335 non

165 2356 290 2415 rare
313 2355 570 2429 adjunget
591 2375 609 2411 ι
642 2357 824 2431 Qam
855 2358 911 2412 in
933 2374 1052 2413 rem
1061 2357 1292 2413 Tacitus
1314 2354 1422 2411 Lib.
1433 2353 1523 2410 111.
1536 2352 1728 2410 Annal.
1746 2366 1856 2427 cap.

167 2449 260 2504 52.
285 2428 660 2508 sapientiffune
677 2445 892 2490 monet:
923 2465 966 2508 ¹2,
986 2429 1195 2507 Quodsi
1216 2447 1434 2488 mecum
1450 2427 1572 2486 ante
1588 2430 1708 2486 Viri
1729 2428 1858 2487 stre-

1018 2518 1076 2574 1i
1683 2514 1783 2575 nui
