2144 2852
691 179 923 265 τῖ’-θῇ
966 183 999 255 3,
1034 191 1071 260 e}
1106 180 1354 262 6ῡὲῆῲ
1792 198 1910 257 24?

180 311 391 380 fiaeae
409 310 678 388 Religioni
723 312 1339 378 orthodoxae->debitas
1357 330 1427 371 ex
1469 318 1705 383 veno&
1744 311 1907 371 Chri-

181 387 364 454 stiano
401 387 630 451 demum
665 389 844 447 Princi
886 407 1001 455 um·
1027 390 1088 445 in·
1130 388 1375 448 subditos
1409 400 1628 452 amore,
1657 405 1902 464 quorum

181 480 305 530 non
341 479 554 521 tantum
591 476 842 539 tempora
863 483 952 522 em
982 458 1305 523 felicitatem·-
1329 483 1389 523 ac
1427 465 1898 539 tranquillitatem,

187 537 280 594 sed
311 541 390 598 δε-
419 538 644 596 lalutem
682 556 949 602 aeternam
996 557 1103 614 pro
1145 540 1357 601 viribus
1406 538 1513 597 suis
1548 555 1799 602 tuentur,
1837 556 1900 596 ac

180 629 538 687 promovent.
617 614 755 674 Non
789 632 969 672 tamen
1003 608 1077 677 ιἐὲ
1108 613 1407 675 neceffilriae
1441 614 1562 673 sunt
1592 630 1768 690 poenae
1792 613 1896 671 -illae

187 706 249 744 ac
292 691 641 756 vexationeS,
674 706 738 752 ut
768 689 988 765 semper*
1008 695 1070 752 &
1101 687 1388 748 necessario
1424 687 1740 766 infligendae
1765 689 1895 759 fint,
1962 747 1967 752 ,

190 762 281 821 sed
319 763 565 838 ipsorum
594 765 842 823 Ecclesiae
890 767 1115 823 Patrum
1152 770 1213 827 &
1261 766 1545 823 Pastorum
1592 767 1735 822 circa
1784 764 1895 820 illa-

184 839 523 903 rum-usum,
543 858 649 915 pro
680 840 989 898 diversitate
1025 857 1371 915 temporum,
1394 838 1618 898 diversa·
1636 836 1754 905 fuit*
1782 838 1894 896 sen·

176 918 378 981 tentia,
417 912 586 990 profit
619 914 868 974 Ecclefiae
907 935 968 974 ac
1014 916 1285 991 Religioni
1329 913 1671 975 Orthodoxae
1703 915 1894 976 utilius

175 990 587 1054 existimarunt,
623 990 787 1055 adeo,
821 1008 884 1048 ut
909 993 1258 1049 conniventia
1278 1009 1340 1049 ac
1369 991 1718 1053 diffimulatio
1747 1009 1891 1065 quae÷

175 1067 314 1124 dam
338 1065 726 1141 §Principibus
750 1069 951 1141 rigori,
977 1064 1103 1124 sitiit
1124 1065 1292 1142 justo,
1313 1065 1645 1142 quandoque
1670 1064 1732 1122 fit
1753 1082 1890 1140 prae-

175 1141 416 1200 ferenda.
509 1142 861 1215 Ampliorem
904 1140 1038 1200 vero
1074 1141 1450 1226 majoremque
1483 1137 1722 1215 expressa
1755 1139 1887 1204 tole„-

176 1218 350 1285 rantia
371 1215 678 1273 libertatem
707 1217 970 1280 involvit,
995 1216 1064 1274 de
1092 1233 1249 1292 ,culus
1266 1214 1503 1292 proinde
1525 1213 1724 1290 iustitia
1751 1232 1886 1291 pau?

175 1295 255 1356 eis
288 1290 775 1367 impraesentiarum
806 1296 911 1352 erit
944 1291 1390 1368 dispiciendum„
1602 1330 1606 1331 ν
1661 1322 1665 1328 ·
1871 1329 1874 1331 >

171 1490 181 1497 .
302 1442 374 1500 ῙῙ.
431 1442 515 1501 Ac
551 1439 736 1516 primo
784 1438 1014 1518 quidem
1048 1440 1372 1501 Authoritas
1411 1442 1732 1516 Principum
1770 1454 1885 1507 non

172 1536 399 1575 omnem
441 1520 600 1590 ponit
647 1517 1066 1580 humanitatem,
1103 1517 1194 1574 sed
1230 1517 1505 1576 humanus
1557 1518 1634 1573 est
1684 1519 1728 1572 is
1770 1512 1911 1586 ipse·

172 1594 495 1666 Principum
532 1594 588 1646 in
627 1590 874 1648 subditos
908 1607 1098 1663 amor3
1147 1606 1313 1665 atque
1352 1590 1450 1646 ubi
1497 1591 1723 1666 augusta
1762 1587 1882 1645 illo-

171 1686 301 1730 rum
328 1665 552 1741 pestora
589 1663 750 1723 semel
791 1666 1115 1736 occupavit,
1151 1663 1403 1722 humanae
1444 1681 1672 1740 quoque
1710 1664 1882 1720 imbe-

171 1743 406 1801 cillitatis
442 1742 792 1797 immemores
825 1737 927 1794 esse
959 1755 1071 1794 non
1106 1738 1254 1801 finit,
1278 1735 1507 1814 ejusque
1538 1758 1652 1814 prae
1682 1740 1879 1813 primis

172 1821 443 1875 rationem
479 1814 786 1872 habendam
822 1812 1004 1870 distat.
1107 1811 1290 1891 Qam
1324 1831 1508 1871 autem
1541 1814 1740 1872 diversi
1777 1813 1878 1875 fint

168 1893 463 1952 hominum
498 1907 706 1952 mores,
740 1887 906 1963 quam
936 1889 1071 1945 varii
1104 1906 1300 1945 eorum
1335 1889 1482 1962 genii
1515 1891 1573 1945 in
1607 1888 1764 1964 pejus
1801 1906 1877 1952 ta,-

168 1987 298 2026 men
329 1968 541 2042 semper
567 1963 976 2040 propensiores,
1017 1962 1254 2039 indeque
1330 1962 1456 2021 uam
1492 1963 1665 2021 multa
1694 1968 1758 2026 &
1794 1965 1876 2022 ln·

170 2043 320 2101 finita
349 2040 529 2118 prope
562 2042 697 2098 vitia
732 2055 898 2114 atque
929 2036 1166 2097 exceffus
1202 2056 1299 2097 ena
1322 2055 1540 2102 cantur,
1571 2056 1734 2096 nemo
1774 2056 1875 2114 po·

168 2122 294 2176 terit
324 2118 414 2176 vel
444 2111 767 2191 explicando
802 2112 1031 2188 assequi,
1061 2113 1151 2171 vel
1189 2113 1561 2171 enumerando
1595 2114 1872 2195 percense·

167 2213 242 2254 re.
323 2192 484 2254 Unde
514 2209 583 2248 ne
622 2206 689 2247 ex
722 2205 869 2246 tanta
916 2188 1329 2254 inclinationum
1377 2188 1768 2252 humanarum,
1810 2195 1872 2252 δε

165 2265 415 2327 sensuum
450 2267 519 2323 de
551 2265 695 2321 malo
733 2268 794 2324 ὃς
825 2263 974 2320 bono
1018 2263 1256 2320 maxime
1289 2262 1660 2324 differentium
1700 2267 1871 2331 varie,

166 2361 275 2403 tate
307 2343 565 2399 continua
615 2343 755 2395 inter
802 2338 1052 2396 homines
1096 2338 1302 2396 diffidia
1358 2343 1419 2400 &
1468 2339 1593 2396 odia
1651 2335 1871 2396 fovean-

164 2436 287 2490 tur3
328 2417 500 2473 homo
537 2415 821 2472 hominem
856 2418 919 2471 in·
950 2414 1087 2471 statu
1124 2414 1353 2471 naturali
1384 2417 1668 2549 spatienter
1703 2412 1865 2478 ferre,

1406 2510 1422 2548 ι

165 2496 327 2556 vitia,
375 2509 558 2555 mores
580 2525 597 2556 2
628 2494 708 2561 z&
742 2489 1170 2570 imbecillitates,
1211 2486 1336 2551 iitht
1426 2490 1480 2548 bi
1532 2493 1766 2622 ingrata}
1804 2495 1865 2560 δι

1698 2583 1726 2625 a
1766 2600 1786 2611 -
