2144 2852
739 193 913 274 &³05ss
957 196 984 274 )
1020 197 1124 273 ο(
1169 194 1341 277 aas&
1786 196 1905 272 ²265

194 318 428 388 lerant‘iae
476 321 755 402 cujusdam
787 327 952 385 civilis
983 326 1345 394 conceffione,
1382 320 1453 384 de
1486 319 1768 402 Religionis
1806 325 1905 387 do·

195 403 364 462 &rina
396 419 469 460 ac·
504 405 725 460 veritate
760 402 1029 477 judicandi
1064 442 1079 467 ,
1128 402 1418 468 statuendi,
1455 402 1813 478 eamque'vel'
1841 401 1910 464 itt

193 477 472 536 ialvificam
523 477 890 552 approbandi,
942 478 1027 535 vel
1080 474 1143 536 ut
1179 477 1355 536 falsam
1391 495 1451 535 ac
1501 495 1782 536 erroneam
1811 496 1906 537 aue·

194 554 444 612 thoritate
480 553 700 628 propria
738 553 1130 611 condemnandi
1172 555 1483 628 potestatem
1534 552 1626 610 fibi
1677 553 1900 614 sumere.

191 628 420 687 Ecclesia
453 627 586 687 vero
620 627 706 686 vel
743 630 799 685 in
847 630 1084 687 civilium
1119 645 1211 687 aut
1262 628 1639 703 temporalium
1678 645 1908 706 quoque

190 705 467 763 bonorum
492 740 512 768 ‚
570 722 694 780 quae
742 720 809 761 ex
858 703 962 762 sola
993 704 1154 779 ipsius
1195 703 1574 779 dispensatione
1627 704 1904 779 pendent,

193 782 595 854 participatione
639 782 696 836 iis
734 780 1074 838 concedenda
1103 796 1360 845 veretur,
1409 796 1479 837 ne
1514 795 1613 855 per
1660 778 1799 837 hanc
1844 783 1903 840 in

191 855 511 913 Societatem
536 854 940 913 Ecclesiasticam
978 855 1178 914 admiffi
1208 855 1518 919 videantur,
1555 869 1739 930 atque,
1765 855 1902 918 dum

193 930 460 1007 Principes
481 933 534 987 in
562 929 891 987 extendenda
921 935 982 992 δε
1012 930 1309 1005 amplianda
1337 930 1475 989 civili
1505 930 1902 991 Haereticorum

195 1009 579 1064 communione
612 1005 930 1063 liberaliores
970 1006 1020 1064 se
1053 1005 1305 1065 exhibent
1333 1044 1353 1071 ,
1399 1005 1640 1064 modeste*-
1681 1007 1904 1066 interce-

193 1081 298 1145 dit,
330 1099 440 1139 non
477 1096 585 1138 tam
625 1097 688 1139 ut
721 1098 839 1139 eam
873 1082 1179 1157 Principum
1221 1080 1634 1145 conceffionem,
1673 1080 1776 1139 suis
1809 1101 1906 1142 ve·

193 1156 367 1214 stiram
427 1155 860 1221 conditionibus,
910 1159 1126 1232 penitus
1183 1157 1457 1231 improbet
1502 1171 1663 1231 atque
1706 1158 1903 1223 irritet,

197 1231 362 1304 quam
404 1248 464 1288 ut
502 1229 802 1288 scandalum
845 1232 1198 1307 pusillorum,
1225 1249 1291 1289 ex
1334 1231 1448 1307 ipso
1483 1231 1686 1288 silentio
1720 1231 1903 1292 Eccle-

195 1307 280 1364 fiae
313 1309 520 1363 tacitam
562 1306 1004 1379 approbationem
1041 1305 1215 1365 forsan
1248 1305 1627 1370 inferentium,
1669 1324 1904 1380 praever-

196 1398 271 1439 tat
299 1398 314 1439 ι
383 1378 660 1438 (Ζοεεετὺῐη
699 1383 957 1455 permittit
981 1398 1157 1440 tamen
1187 1385 1242 1439 in
1273 1381 1517 1441 favorem
1548 1381 1818 1448 fidelium,
1841 1402 1904 1444 ut

195 1456 278 1513 his
301 1456 419 1513 tuto
441 1461 504 1516 &
526 1455 660 1512 salva
691 1455 1002 1514 conscientia
1023 1474 1148 1515 cum
1178 1457 1362 1515 iisdem
1392 1460 1447 1513 in
1467 1457 1757 1530 Republica
1777 1477 1903 1533 pro·

196 1530 318 1590 fana
344 1535 403 1591 &
428 1546 526 1603 per
550 1529 724 1602 Leges
769 1531 1007 1588 Politicas
1056 1531 1286 1590 toleratis
1307 1567 1328 1598 ,
1364 1531 1668 1590 dummodo
1699 1550 1812 1592 non
1847 1538 1903 1595 in

195 1608 418 1666 crimine
437 1639 455 1667 ‚
486 1604 882 1661 communicare
910 1604 1079 1663 liceat.

329 1755 476 1815 XIX.
534 1751 639 1811 Sed
665 1750 762 1809 -vel
797 1750 923 1810 inde
955 1751 1008 1808 in
1042 1754 1228 1828 aprico>
1262 1752 1361 1818 est,
1394 1749 1634 1814 difficiles
1671 1754 1773 1815 efl‘e
1805 1755 1901 1816 de·

198 1832 330 1891 bere
360 1834 476 1905 pios
499 1845 747 1903 quosque
781 1828 1117 1903 Magistratus
1139 1830 1192 1886 in
1227 1828 1416 1886 eadem
1449 1830 1748 1895 tolerantia,
1766 1849 1902 1907 prae.

201 1908 385 1975 sertim·
411 1905 654 1975 Exercitii
676 1906 876 1960 externi
902 1901 1177 1977 Religionis
1198 1901 1360 1971 falsae,
1382 1905 1752 1971 concedenda,
1781 1909 1903 1965 ubi-

199 1999 420 2058 cunque
451 1978 714 2054 impedire
745 1978 985 2052 posiunt,
1023 1992 1183 2054 atque
1216 1998 1275 2037 ea
1315 1980 1642 2054 impediendi
1682 1978 1902 2041 facultas

202 2062 262 2118 iis
286 2075 393 2114 non
415 2053 576 2112 fuerit
603 2052 834 2128 legitime
856 2052 1111 2114 restricta,
1131 2071 1222 2112 aut
1245 2054 1506 2128 adempta.
1579 2053 1722 2113 Cum
1757 2058 1901 2116 enim

202 2148 482 2193 teneantur
524 2128 674 2187 velut
709 2127 971 2186 Advocati
1003 2128 1244 2187 Ecclesiae
1290 2129 1542 2187 omnibus
1577 2130 1755 2188 modis
1796 2132 1900 2191 Dei

204 2207 412 2267 cultum
439 2222 499 2262 ac
523 2205 787 2261 honorem
801 2239 818 2267 ‚
832 2205 1085 2261 unitatem
1107 2204 1364 2267 Ecclesiae,
1385 2203 1506 2260 fidei
1526 2207 1826 2270 veritatem,
1842 2225 1907 2267 ac

202 2283 537 2342 subditorum
571 2278 789 2335 salutem
826 2281 961 2335 tueri
988 2315 1006 2342 ‚
1046 2297 1205 2354 atque
1242 2280 1308 2336 εὸ
1345 2278 1719 2337 authoritatem
1754 2281 1904 2341 suam

205 2359 459 2423 divinitus
491 2352 779 2410 concessam
817 2353 1160 2427 impendere3
1203 2354 1253 2410 id
1292 2354 1327 2410 fi
1363 2355 1634 2416 omittant,
1658 2354 1751 2412 ubi
1783 2357 1904 2430 pos·

208 2431 356 2493 sunt,
390 2430 663 2486 Haereticis
701 2425 910 2491 favere,
949 2434 1010 2490 &
1051 2431 1443 2486 communicare
1466 2431 1517 2485 in
1542 2431 1762 2487 crimine
1789 2430 1905 2506 ipso

207 2508 478 2566 videntur.
497 2544 506 2551 -·
548 2502 731 2577 Multo
763 2501 932 2578 magis
963 2502 1178 2635 inlspper
1215 2521 1498 2564 externum
1531 2503 1777 2639 sangrum
1809 2507 1906 2565 Se-

297 2612 310 2619 ·*
1676 2597 1835 2645 arum
