2144 2852
800 213 1405 296 *avocent-⁹³·
1884 232 1959 292 39

258 344 466 405 ferruci.
501 342 620 401 Lib.
654 342 716 399 de
743 347 1015 425 praescrtpu
1052 348 1355 420 Athenagor.
1388 350 1442 405 in
1480 346 1676 422 Apolog.
1719 345 1955 418 Ort'genet

251 422 370 480 Lib.
399 439 448 479 ι.
485 435 658 477 contra
694 423 891 494 Celsum.>
1021 478 1027 480 t
1076 420 1190 494 (f)
1243 423 1474 497 Ipsemet
1511 426 1563 482 S.
1600 424 1952 495 Augustinus,

248 500 488 572 optimus
519 494 774 554 credendi
814 503 876 559 &
909 498 1250 555 ratiocinandi
1288 501 1574 575 Magister,
1595 497 1843 574 quamvis
1871 516 1953 555 ra-

249 576 419 631 tiones
449 571 766 644 dogmatum
800 576 1044 630 omnium
1079 590 1139 630 ac
1172 576 1548 647 mysteriorum
1583 574 1952 631 demonstrati-

245 666 337 705 vas
371 645 680 721 importune
716 648 745 705 a
783 648 1092 705 Manichaeis
1112 686 1131 712 ,
1177 652 1307 724 quin
1339 653 1493 707 etiam
1526 663 1720 726 parum
1755 648 1842 723 pie
1874 666 1949 705 at-

246 742 356 799 que
389 721 764 796 imprudenter
795 726 933 797 exigi
966 725 1235 787 docuerit,
1268 743 1378 782 non
1403 740 1579 783 tamen
1608 726 1808 798 absque
1829 743 1949 780 om-

245 802 299 857 ni
331 800 535 855 ratione
589 797 786 871 praevia
831 799 1142 873 impositum
1191 798 1342 857 fuisse
1373 797 1567 858 fururis
1607 798 1849 856 fidelibus
1884 802 1949 856 ab

243 873 468 931 Ecclefia
491 872 763 931 Catholica
795 874 1050 934 credendi
1083 874 1300 950 jugum,
1328 877 1545 933 testatur
1579 874 1696 933 Lib.
1724 874 1785 930 de
1816 893 1948 932 vera

240 950 400 1022 Reltg.
430 963 534 1024 cap.
565 968 644 1009 34.
676 950 763 1006 ibi.
838 986 874 1014 ,‚
894 950 1005 1024 Ipsa
1029 967 1142 1025 quo
1185 969 1252 1007 ue
1282 955 1470 1008 animae
1503 951 1786 1012 medicina,
1825 969 1948 1025 quae

238 1025 488 1090 „Divina
542 1025 878 1099 providentia
927 1031 989 1086 δε
1044 1027 1129 1082 ine
1173 1027 1291 1082 abili
1331 1024 1674 1084 beneficentia
1712 1028 1947 1099 geritur,

240 1099 554 1173 „gradatim
605 1098 950 1175 distincteque
1003 1100 1364 1174 pulcherrima
1400 1101 1491 1159 est.
1600 1100 1947 1157 Distribuitur

238 1177 439 1240 „enim
472 1177 526 1230 in
574 1174 951 1233 authoritatem
987 1192 1148 1251 atque
1183 1179 1459 1235 rationem.
1522 1174 1850 1234 >Authoritas
1885 1173 1947 1231 fi-

236 1287 277 1316 „
298 1250 424 1307 dem
458 1249 682 1324 flagitat,
717 1255 777 1312 δε
816 1252 1000 1309 rationi
1034 1268 1293 1325 praeparat
1324 1252 1602 1309 hominem
1637 1268 1654 1323 3
1695 1255 1827 1308 ratio
1878 1250 1946 1309 ad

236 1363 276 1391 „
297 1325 639 1382 intellectum
661 1329 1136 1402 cognitionemque
1160 1326 1421 1402 perducit.
1495 1329 1655 1402 Qan
1697 1344 1821 1383 uam
1847 1344 1945 1386 nec

237 1438 272 1466 „
293 1401 668 1458 authoritatem
701 1405 833 1459 ratio
869 1405 1079 1478 penitus
1110 1402 1301 1461 deserit
1321 1441 1341 1468 ‚
1390 1400 1516 1461 cum
1555 1420 1657 1460 con
1679 1401 1944 1467 ideratur,

235 1479 375 1541 „cui
408 1475 469 1534 fit
500 1476 867 1551 credendum5
909 1483 970 1539 &
1003 1478 1147 1536 certe
1185 1478 1389 1535 summa
1423 1480 1498 1535 est
1529 1477 1691 1553 ipsius
1717 1477 1822 1551 jam
1851 1495 1943 1533 co-

236 1553 450 1626 „gnitae
478 1569 642 1626 atque
666 1553 956 1627 perspicuae
987 1556 1216 1610 veritatis
1247 1553 1549 1610 authoritas:
1623 1553 1756 1608 Item
1782 1551 1942 1625 Epist.

235 1665 266 1691 „
293 1641 412 1684 120.
447 1644 562 1700 cap.
603 1643 650 1683 1.
680 1626 800 1684 alias
833 1647 925 1686 22.
961 1628 1047 1684 ibi.
1120 1662 1154 1690 ‚‚
1171 1627 1352 1690 Absit,
1383 1643 1443 1683 ut
1479 1624 1600 1683 ideo
1635 1626 1940 1690 credamus,

235 1735 269 1766 ‚‚
290 1719 357 1757 ne
403 1703 662 1757 rationem
701 1705 1044 1775 accipiamus,
1079 1700 1186 1757 five
1222 1718 1524 1777 quaeramus
1564 1718 1581 1774 3
1617 1701 1743 1758 cum
1781 1704 1940 1759 etiam

234 1776 506 1842 „credere
545 1793 653 1832 non
688 1776 979 1848 possemus,
1029 1774 1120 1833 nifi
1161 1776 1436 1834 rationales
1472 1779 1668 1833 animas
1718 1775 1941 1834 habere-

234 1869 427 1916 ‚‚mus.
515 1852 591 1909 Ut
625 1851 756 1925 ergo
793 1854 845 1908 in
882 1851 1204 1927 quibusdam
1239 1852 1401 1909 rebus
1434 1853 1499 1909 ad
1535 1850 1830 1909 dostrinam
1865 1853 1939 1910 sa·

233 1964 271 1993 ,‚
293 1927 515 1984 lutarem
553 1927 965 2001 pertinentibus,
998 1945 1129 2002 quas
1162 1929 1362 1984 ratione
1387 1926 1630 1984 nondum
1662 1929 1939 2002 percipere

233 2037 270 2068 „
288 2002 555 2064 valemus,
585 2001 672 2058 sed
701 2001 985 2078 aliquando
1022 2002 1347 2067 valebimus,
1380 2002 1510 2059 fides
1545 2003 1807 2077 praecedat
1855 2022 1939 2061 ra-

232 2114 271 2143 ‚‚
288 2080 522 2140 tionem,
560 2077 668 2152 qua
700 2095 794 2135 cor
832 2076 1160 2140 mundetur,
1197 2094 1258 2135 ut
1292 2095 1498 2152 magnae
1526 2079 1740 2135 rationis
1765 2081 1937 2152 capiat

232 2156 344 2217 »δε
378 2150 609 2226 perferat
639 2152 846 2216 lucem,
877 2153 982 2210 hoc
1015 2154 1202 2228 utique
1233 2156 1447 2210 rationis
1477 2153 1565 2209 est.
1586 2189 1621 2215 ,‚
1716 2150 1796 2208 Ex
1819 2156 1934 2227 qui-

232 2229 337 2285 bus
374 2228 624 2283 omnibus
669 2237 869 2301 patet,
909 2231 1104 2301 praevia
1144 2229 1210 2286 ad
1262 2228 1423 2285 fidem
1462 2245 1517 2283 ar
1557 2242 1773 2284 umenta
1818 2231 1936 2284 rati-

233 2304 350 2359 onis
384 2301 665 2357 extrinseca
697 2302 764 2357 ab
794 2303 1096 2376 Augustino
1134 2303 1380 2379 requisita
1418 2299 1495 2359 fui
1538 2321 1597 2365 e,
1628 2301 1696 2357 ita
1739 2319 1934 2367 tamen,

232 2395 296 2434 ut
327 2375 456 2432 fides
490 2393 599 2432 non
636 2378 689 2432 in
722 2379 925 2433 ratione
964 2378 1224 2442 humana,
1259 2378 1346 2435 sed
1384 2380 1438 2433 in
1477 2375 1580 2433 sola
1616 2377 1932 2437 authoritate

230 2452 333 2509 Dei
369 2451 645 2507 revelantis
673 2449 925 2508 infallibili
961 2450 1250 2515 fundetur,
1274 2455 1327 2509 in
1360 2469 1474 2509 eam
1519 2469 1586 2509 ue
1622 2451 1784 2510 veluti
1808 2470 1931 2511 cau-

232 2528 339 2584 sam
369 2524 700 2584 intrinsecam
735 2532 797 2588 &
831 2528 1113 2587 formalem
1148 2526 1390 2587 ultimate
1424 2544 1483 2586 re
1506 2527 1714 2586 olvatur
1734 2546 1749 2604 ;
1771 2545 1930 2604 atque

498 2646 500 2648 ,
1782 2623 1856 2661 eae
