2144 2852
236 194 367 296 tid
804 180 982 307 «aa
1028 190 1418 307 mciii*

228 374 423 438 quanta
457 357 741 422 doctrinae,
773 358 1188 435 animorumque
1218 357 1472 421 discordia
1499 356 1522 415 ἓ
1559 354 1648 416 vel
1682 355 1801 418 solae
1820 357 1944 420 illo--

228 453 353 499 rum
386 433 751 493 Confeffioncs
786 453 847 492 ac
886 433 1170 498 formulae,
1201 453 1324 511 quae
1359 438 1418 492 iis
1455 434 1606 491 velut
1638 436 1939 494 credendo-

227 529 355 569 rum
389 528 590 569 normae
619 526 997 584 exponuntur,
1027 514 1240 587 quoties
1273 513 1477 568 variatae
1500 548 1514 571 ‚
1547 514 1608 571 δε
1642 509 1807 585 quarn
1840 510 1939 570 fibi

227 587 492 644 dissimiles
526 585 872 660 prodierunt,
893 584 1013 644 utut
1041 586 1261 662 publico
1295 604 1488 644 eorum
1510 585 1706 659 judicio
1729 592 1789 648 &
1811 604 1941 644 con·
1970 647 1973 651 ,

229 662 376 719 sensu
425 662 652 719 decretae
716 661 741 718 ζ
817 661 1020 736 Synodi
1049 661 1182 737 ipsae
1216 664 1372 719 toties
1404 659 1637 724 εοειξὶεε,
1663 678 1725 719 ut
1761 660 1950 720 litibus·

228 741 392 795 enatis
423 736 652 794 modum
684 737 971 796 statuerent
999 775 1018 802 ,
1067 739 1123 794 in
1163 736 1500 795 diffenfiones
1537 735 1838 809 desierunt3
1875 750 1964 805 ut,

228 812 362 871 nihil
395 812 559 869 simile
589 810 786 870 habere
821 814 977 888 poffit
1007 830 1135 872 cum
1169 830 1303 871 vera,
1341 812 1536 871 Christi
1569 811 1795 870 Ecclesia
1826 828 1942 869 tan-

229 906 282 947 ta
306 887 389 946 illa
415 887 669 948 doc-'trinae
693 890 1046 948 inconstantia.
1111 889 1294 946 Verbo
1331 903 1347 944 z
1383 904 1464 945 tot
1497 885 1612 944 fere
1646 887 1943 962 Religiones

229 980 396 1040 penes
426 963 541 1020 illos
561 962 631 1020 de
671 963 999 1028 rehendere,
1014 969 1077 1026 &
1098 982 1164 1022 ex
1186 982 1377 1022 corum
1400 962 1664 1020 methodo
1693 980 1819 1020 vera
1840 963 1942 1020 Re-

228 1041 439 1116 ligionis
479 1037 610 1096 Chri
658 1043 784 1097 ianae
836 1039 1087 1114 dogmata
1140 1037 1501 1115 cognoscendi
1570 1034 1768 1095 inferre
1834 1037 1954 1101 est,-

229 1133 368 1192 quot
402 1114 523 1170 sunt
571 1131 680 1171 non
719 1115 885 1173 modo
931 1116 1174 1174 Paroeciae
1198 1151 1213 1179 ‚
1262 1114 1350 1172 sed
1400 1128 1538 1189 quot
1565 1115 1770 1188 capita,
1803 1128 1972 1188 quot,

229 1191 567 1262 voluntates5
639 1189 904 1247 Altiffimo
934 1190 1049 1247 iane
1087 1191 1440 1266 providentiae
1469 1190 1673 1246 Divinae
1707 1188 1942 1251 consilio,

230 1284 354 1342 quae
385 1264 450 1321 ad
486 1281 570 1320 res
605 1281 792 1321 omnes
830 1263 1088 1340 sapienter
1121 1264 1521 1341 gubernandas,
1544 1263 1830 1338 praesertim
1849 1281 1944 1320 ve-

229 1341 296 1398 ro
323 1339 390 1396 ad
427 1340 759 1414 praecipuum
792 1357 928 1415 opus
966 1341 1151 1402 suum,
1186 1341 1510 1414 Religionem
1549 1338 1772 1401 scilicet,
1800 1333 1967 1403 refe-r

231 1414 423 1476 rendas
453 1414 810 1478 attentiffima,
847 1417 1012 1473 varias
1045 1433 1104 1473 ac
1137 1415 1362 1472 diverlas
1397 1415 1535 1470 inter
1569 1411 1814 1475 homines
1847 1413 1946 1470 Se-

232 1491 339 1555 &as
370 1490 903 1565 permittit,ut,sicut
934 1489 1054 1548 alias
1082 1491 1153 1549 de
1186 1489 1335 1547 malis
1366 1489 1454 1547 scit
1476 1488 1614 1546 bene
1638 1485 1840 1552 facere,
1870 1487 1940 1546 ita

232 1574 296 1630 &
321 1567 400 1623 hae
424 1582 611 1624 omnes
629 1603 647 1629 ,
669 1571 869 1623 mutuis
901 1568 1037 1626 inter
1067 1566 1121 1623 se
1143 1566 1650 1626 concertationibus,
1667 1580 1810 1620 verae
1841 1564 1944 1621 Re-

231 1645 415 1719 ligioni
450 1640 675 1700 serviant
700 1679 719 1705 ,
750 1639 830 1699 iit
867 1643 1003 1718 ignis
1038 1644 1134 1699 arti
1172 1639 1462 1700 famulatur
1493 1639 1789 1713 chymicae,
1827 1655 1944 1696 tan-

273 1735 396 1777 uam
427 1719 603 1791 operis
636 1716 773 1777 illius
802 1716 1029 1775 maxime
1060 1716 1358 1777 admirandi
1392 1714 1764 1787 instrumenta;
1801 1714 1940 1774 dum

257 1795 422 1853 cilicet
452 1790 540 1849 sua
575 1793 852 1856 varietate,
876 1794 1077 1866 Spiritu
1100 1790 1248 1853 mere
1277 1790 1540 1854 humano,
1570 1794 1632 1852 &
1661 1790 1942 1848 mutationi

233 1869 411 1945 aeque‚
444 1884 504 1925 ac
542 1868 712 1924 errori
746 1867 1017 1931 obnoxio,
1055 1880 1125 1925 ac·
1147 1868 1349 1943 Spiritu
1389 1863 1721 1941 potiffimilm
1754 1864 1965 1941 super-¹

234 1946 336 2004 biae
368 1960 509 2000 natas
538 1941 938 2015 seieprodunt,
963 1945 1087 2017 qui,
1111 1941 1243 2000 ficut
1265 1957 1453 1999 earum
1476 1940 1725 1998 authores
1752 1937 1940 1997 avulsit

236 2021 303 2078 ab
334 2017 590 2081 Ecclesia,
622 2015 692 2075 ita
719 2018 875 2075 etiam
907 2015 1152 2089 sequaces
1186 2035 1246 2075 ac
1284 2015 1582 2090 Discipulos
1617 2014 1646 2071 fi
1687 2013 1789 2071 suis
1824 2012 1942 2071 Do-

235 2094 472 2158 &oribus
504 2091 721 2155 avellat,
751 2088 1085 2163 efficiatque,
1116 2108 1177 2148 ut
1210 2091 1427 2146 Ducum
1463 2088 1713 2162 exemplo
1746 2091 1809 2150 &
1839 2087 1962 2162 ipfi„

236 2170 434 2231 discant
471 2166 766 2228 detrectare
792 2159 1040 2241 impjeria,
1064 2169 1126 2228 δι’.
1158 2163 1390 2219 alienum
1428 2160 1659 2220 fastidire
1692 2164 1942 2237 magiste-

237 2250 409 2309 rium,
447 2261 507 2301 ac
555 2241 732 2317 potius
769 2240 864 2317 ipfi
917 2257 1070 2296 novae
1104 2237 1272 2299 Sessiae
1309 2239 1492 2313 Capita
1531 2237 1711 2297 audire
1741 2237 1942 2300 malint.

236 2323 360 2379 Nec
392 2322 628 2377 mirum:
671 2316 797 2375 cum
840 2313 1039 2373 nullam
1076 2331 1306 2376 certam,
1340 2311 1578 2376 firmam,
1613 2331 1671 2370 ac
1705 2313 1942 2374 stabilem

236 2394 527 2470 vivamque
574 2391 802 2450 habeant
850 2388 1101 2448 credendi
1150 2389 1389 2463 regulam
1413 2425 1433 2451 ‚
1469 2387 1536 2446 ad
1573 2405 1737 2464 quam
1774 2387 1958 2459 fidem

238 2472 383 2531 suam
415 2471 652 2542 exigant3
682 2472 743 2529 δε
774 2465 975 2535 sublato
1008 2463 1337 2521 authoritatis
1367 2463 1584 2540 vinculo
1619 2480 1728 2521 non
1757 2463 1946 2540 super-V

219 2546 326 2611 iit,
359 2546 455 2622 qui
489 2540 767 2603 effraenem.
790 2544 846 2601 in
874 2537 1279 2616 interpretandis
1317 2537 1385 2598 ad
1415 2555 1809 2670 praeconoePfgs
1835 2538 1942 2614 iam

1731 2630 1748 2669 Ι
1786 2628 1872 2673 &RS
