2144 2852
231 202 311 279 aa
673 170 679 173 ⁷
783 196 1193 284 essseffi)10-·<ff
1218 195 1416 283 aeas

230 348 297 390 re·
325 331 597 390 rationem·
624 330 783 392 omni
832 335 1064 411 poscenti
1115 334 1228 408 ejus
1268 334 1578 410 Religionis,
1605 348 1770 409 quam
1804 336 1946 393 con-'i

231 409 424 466 stanter
456 407 588 465 adeo
626 409 794 485 usque
835 411 900 468 ad
937 409 1543 484 effusionem-sanguinis
1572 410 1941 484 Religionibus

231 486 438 540 coeteris
470 482 857 558 praeferendam
883 487 1168 544 duxerunt.
1298 486 1506 543 Deinde
1532 487 1558 557 (
1574 486 1649 555 b)
1693 485 1846 542 Fides
1865 497 1939 555 ex

231 561 460 634 imperio
491 560 778 618 voluntatis
818 560 1179 636 proficiscitur.
1256 563 1443 618 Multa
1467 559 1617 635 potest
1649 559 1816 634 facere
1839 562 1944 617 hoa.

229 653 306 690 mo
333 637 530 696 -nolens,
568 636 740 711 inquit
773 638 825 694 S.
857 637 1190 711 Augustinus
1227 636 1402 693 Tracfl.
1431 650 1503 692 326.
1525 636 1578 691 in
1604 634 1942 710 Joann.,cre-÷

230 709 344 765 dere
377 723 538 765 autem
558 730 653 766 non
679 711 823 785 potest
843 755 859 781 ,
880 712 970 782 nifi
1000 714 1187 768 volens.
1266 711 1520 768 Voluntas
1546 728 1725 767 autem
1746 727 1818 767 ex
1841 710 1935 766 d'e-

229 783 470 841 finitione
519 786 822 843 Stoicorum
862 789 966 850 est,
1002 805 1123 862 quae
1209 786 1302 843 uid
1343 804 1468 843 cum
1499 788 1697 842 ratione
1727 784 1936 852 defidemv

227 877 337 923 rat,
366 865 425 920 &
456 862 624 932 ignoti
656 863 799 919 nulla
833 864 908 919 est
937 863 1167 936 cupido3
1233 866 1315 918 inc
1348 863 1570 935 requirit
1602 861 1833 935 aliquem
1853 877 1939 918 rae

229 937 384 992 tionis
419 935 574 992 usum
607 955 667 994 ea
700 937 1020 1011 explorantis
1050 943 1113 997 &
1148 937 1461 1011 dispicientis
1481 975 1496 998 ‚
1540 954 1661 1009 quae
1693 951 1942 994 mentem·

226 1011 292 1065 ad
325 1010 655 1067 credendum
689 1015 926 1070 invitant.
972 1048 974 1050 -
1002 1014 1093 1069 Sin
1132 1011 1277 1068 secus
1310 1012 1465 1074 eflet,
1502 1011 1652 1067 velut
1686 1011 1936 1084 prostitu-

231 1099 290 1141 to
312 1085 378 1140 ad
410 1085 567 1141 obvia
589 1105 821 1162 quaeque
849 1089 1037 1144 mentis
1064 1086 1260 1143 assensu
1282 1105 1500 1144 omnem
1525 1088 1737 1142 rationis
1778 1084 1934 1142 usum

232 1177 394 1234 atque
428 1178 591 1233 opem
634 1160 762 1218 fides
795 1164 1089 1235 respueret,
1122 1162 1566 1219 indiscriminatim
1602 1163 1778 1217 omnia
1806 1164 1939 1217 ,cre-J«

235 1235 495 1292 derentur
530 1240 591 1296 &
614 1254 772 1298 vera,
794 1243 853 1298 δ(
877 1236 1025 1297 falsa,
1058 1242 1118 1298 &
1142 1239 1398 1300 revelata,
1437 1243 1499 1298 &
1539 1253 1649 1292 non
1684 1235 1936 1300 revelata,

231 1315 394 1383 atque
429 1310 538 1367 laus
566 1316 744 1368 omnis
783 1311 940 1375 fidei,
973 1312 1213 1387 fidesque
1246 1313 1350 1386 ipsa
1389 1312 1706 1370 concideret.
1773 1310 1935 1367 ³Cre-

233 1385 364 1441 dere
395 1388 571 1449 enim,
607 1404 705 1443 nec
738 1388 871 1462 quid
909 1387 1187 1450 credatur,
1216 1388 1368 1450 scire,
1398 1389 1613 1443 insanire
1635 1387 1723 1441 est.
1799 1386 1939 1447 Cres

233 1459 363 1516 dere
396 1462 553 1524 item,
633 1480 713 1518 uae
746 1463 776 1519 a
811 1463 929 1520 Deo
965 1463 1192 1519 revelata
1226 1480 1335 1518 non
1372 1461 1499 1524 sint,
1534 1461 1599 1517 ad
1635 1459 1796 1517 fidem
1835 1461 1938 1516 Di-

228 1537 410 1592 vinam
444 1540 504 1595 &
537 1537 606 1591 Re
629 1539 864 1611 igionem
897 1555 1004 1594 non
1041 1540 1285 1612 pertinet.
1360 1539 1436 1594 Ut
1468 1554 1648 1594 autem
1681 1535 1933 1592 credatur

230 1611 510 1686 quidpiam
545 1611 769 1674 idcirco,
800 1612 950 1688 quod
986 1614 1015 1670 ἃ
1053 1614 1172 1670 Deo
1208 1613 1505 1670 revelatum
1539 1611 1629 1674 fit,
1665 1611 1934 1670 utendum·

230 1687 305 1742 est
333 1688 559 1750 ratione,
580 1686 698 1763 qua
730 1689 1100 1752 discutiamus,
1127 1706 1194 1745 an
1226 1688 1411 1745 revera
1442 1687 1524 1744 illa
1562 1686 1813 1742 revelatio
1847 1686 1935 1745 dia,

227 1764 352 1817 vina
367 1763 562 1818 existat.
729 1765 1076 1838 Quapropter
1113 1764 1219 1837 (c)
1257 1764 1526 1820 Rationem
1551 1763 1618 1818 ita
1641 1762 1670 1817 a
1689 1760 1794 1818 fide
1818 1777 1929 1819 non

227 1833 506 1908 segregant
537 1836 747 1892 oracula
788 1839 885 1894 Dei
921 1842 970 1895 in
1006 1841 1156 1895 sacris
1197 1839 1356 1895 literis
1390 1838 1628 1911 prodita,
1666 1853 1726 1893 ut
1762 1835 1932 1893 fidem·

227 1909 446 1985 jubeant
483 1909 698 1982 prorsus
736 1912 991 1970 abstinere
1032 1915 1254 1970 Rationis
1286 1913 1590 1969 consortio:
1625 1910 1807 1968 contra
1834 1928 1930 1966 ve-

227 1985 292 2042 ro
342 1982 462 2039 fidei
500 2002 858 2057 praeeuntem,
889 1986 1142 2060 viamque
1191 1989 1507 2044 sternentem
1548 1985 1730 2060 paffim
1769 1984 1934 2044 indu-t

228 2077 374 2118 cunt.
451 2058 692 2116 Christus
719 2060 828 2134 ipse
864 2060 1139 2134 supremus
1170 2062 1446 2134 Magister,
1483 2063 1580 2134 qui
1610 2059 1832 2116 docebat
1867 2058 1931 2116 fi..

228 2153 318 2193 cut
352 2135 660 2208 potestatem
691 2135 885 2192 habens
910 2136 1104 2192 Matth.
1124 2152 1174 2208 3.
1199 2154 1249 2192 v.
1279 2151 1402 2208 29.,
1423 2134 1595 2192 causas
1624 2134 1844 2209 quidem
1864 2141 1929 2197 δε

228 2214 458 2268 rationes
493 2209 788 2267 intrinsecas
819 2211 1181 2267 altiffimorum
1228 2210 1445 2267 suorum
1472 2210 1789 2284 dogmatum
1818 2227 1929 2271 non

228 2286 427 2347 attulit,
454 2289 513 2345 ὃ(
538 2302 740 2347 tamen,
766 2302 826 2342 ut
860 2286 950 2342 fibi
973 2285 1311 2346 crederetur,
1334 2285 1578 2344 instabat,
1601 2288 1661 2346 δῖ.
1685 2284 1844 2342 fidem
1871 2284 1930 2346 si,

226 2363 280 2418 bi
312 2359 493 2415 haberi
524 2362 857 2433 praecipiebat
891 2378 999 2417 non
1032 2360 1209 2423 aliter,
1250 2360 1340 2415 nisi
1379 2360 1674 2433 praemiffis,
1696 2362 1928 2433 patratis,

229 2442 289 2497 ὃς
315 2433 499 2508 iia-pius
527 2437 728 2508 populo
758 2435 1022 2493 inculcatis
1044 2436 1340 2509 ingentibus
1365 2436 1459 2491 illis
1496 2435 1929 2509 prodigiis‚quae

225 2528 388 2568 nemo
422 2510 551 2583 alius
583 2509 805 2576 fecerat,
835 2512 940 2571 hoc
972 2512 1082 2577 est,
1129 2511 1419 2572 rationibus
1448 2511 1785 2637 extrinsecisi,
1803 2510 1926 2582 qui-i.

314 2611 318 2617 ’
1790 2598 1850 2641 US
