2144 2852
765 213 943 297 *fib*
985 218 1089 295 >²0
1123 214 1372 297 (4³30ss
1809 234 1954 293 153..

201 342 423 429 perium
452 344 702 406 Ecclefiae
746 348 1082 406 asserendum
1117 344 1443 425 requiritur,
1481 346 1647 425 quam
1682 350 1697 405 i
1743 346 1910 407 samec

205 427 526 487 Authoritas
561 424 824 482 divinitus
874 426 1301 488 communicata,
1352 429 1412 486 &
1448 425 1603 481 fimul
1636 428 1692 480 in
1717 424 1931 482 anihil-i.

205 506 244 561 S
287 500 440 558 iritfis
476 499 653 557 Sancti
679 500 954 557 affistentia
983 519 1045 556 ac
1066 501 1214 557 dono
1252 503 1552 557 inerrantiae
1580 502 1817 563 munita,
1844 518 1909 559 ut

205 578 429 654 goriari
464 593 592 632 cum
624 575 900 651 Apostolis
932 575 1310 650 poffittAt‘lor.
1350 591 1431 646 15.
1452 595 1506 633 v.
1530 583 1583 642 8.
1632 573 1806 654 Wsum
1844 576 1910 652 est

204 654 431 727 Spiritui
473 650 661 708 Sanflo
705 655 772 716 θ’
815 651 972 708 nobis.
1108 650 1230 708 Hac
1263 651 1499 727 utraque
1538 651 1808 727 supposita
1845 657 1909 714 δε

205 726 477 788 concessa,
501 723 635 782 nihil
659 725 763 783 effe
789 727 993 801 potest,
1018 727 1176 802 quod
1201 726 1483 784 hominem
1516 730 1725 783 ratione
1758 726 1905 785 recte

205 819 453 859 utentem
497 801 563 857 ab
597 799 798 858 assensu
835 801 929 859 illo
966 804 1178 859 interno
1218 801 1454 860 retrahat
1483 806 1544 863 &
1581 801 1904 860 absterreat:

203 872 296 935 {ed
330 878 522 934 eadem
552 879 689 934 ratio
711 913 728 941 ,
767 877 958 934 eadem
992 878 1355 953 potentiffima
1398 877 1580 940 causa,
1610 895 1732 954 quae
1767 879 1907 935 Scri-

247 956 383 1010 turis
429 954 645 1010 Divinis
705 953 1010 1010 habendam
1058 951 1163 1010 esse
1194 954 1361 1011 fidem
1393 953 1707 1029 persuadet,
1739 955 1907 1012 etiam

202 971 452 1087 {eclesiae
486 1031 858 1103 proponenti,
890 1033 950 1089 &
987 1028 1219 1104 desuper
1266 1028 1524 1104 judicanti
1567 1029 1908 1101 credendum

202 1106 389 1179 exigit.
466 1105 587 1160 Deo
622 1107 831 1178 quippe
862 1104 1161 1167 credimus,
1198 1109 1259 1166 &
1290 1103 1630 1162 intellectum
1659 1105 1910 1162 nostrum

205 1181 261 1234 in
299 1177 423 1234 obse
465 1180 623 1234 uium
659 1179 784 1235 fidei
814 1179 894 1235 illi
929 1182 1296 1254 captivamus,
1340 1182 1469 1256 quia
1502 1178 1613 1255 ipse
1652 1196 1719 1236 ex
1752 1197 1906 1237 natu-

203 1271 264 1310 ra
303 1253 394 1310 sua
425 1195 532 1309 {lani
558 1259 620 1314 &
654 1251 839 1311 fallere
873 1273 985 1311 non
1009 1257 1228 1329 potest:
1269 1255 1518 1312 Ecelesiae
1544 1254 1708 1318 vero,
1737 1273 1908 1332 quam

204 1346 319 1404 prae
352 1327 584 1404 reliquis
613 1329 878 1387 divinitus
902 1331 1200 1387 institutam
1230 1330 1357 1394 effe,
1388 1331 1672 1389 evidenter
1694 1332 1770 1388 est
1797 1349 1910 1388 ere-

204 1404 374 1461 dibile
408 1440 424 1466 ‚
482 1404 692 1462 divinas
740 1405 1100 1463 revelationes
1150 1406 1441 1463 declaranti
1499 1425 1514 1480 3
1568 1409 1699 1481 quia
1751 1408 1905 1464 Deus

206 1478 356 1535 illam
376 1479 704 1536 authoritate
727 1479 817 1536 sua
846 1485 907 1542 &
942 1499 1055 1538 non
1087 1482 1304 1538 errandi
1347 1481 1713 1555 praerogativa
1747 1481 1912 1537 dona-

206 1556 315 1614 vit,
364 1554 421 1609 id
457 1554 610 1627 quod
648 1554 895 1628 superius
930 1555 1049 1612 satis
1085 1556 1165 1611 ⁴est
1210 1556 1658 1611 demonstratum.
1752 1554 1914 1611 Unde

206 1630 642 1702 quotiescunque
685 1629 931 1685 Concilia
965 1630 1126 1703 super
1158 1629 1537 1685 controversiis
1572 1631 1742 1685 enatis
1781 1647 1931 1704 pro--⁴

205 1702 552 1764 nuntiarunt,
588 1701 722 1758 adeo
761 1707 1140 1776 pronuntiatas
1165 1703 1280 1760 suas
1313 1703 1652 1760 definitiones
1685 1703 1782 1761 sub
1822 1721 1914 1761 ex-

209 1796 367 1834 amen
399 1795 613 1834 novum
645 1780 892 1833 revocari
925 1795 1037 1834 non
1071 1778 1463 1851 permiserunt,
1496 1795 1558 1834 ut
1589 1778 1776 1854 potiiis
1803 1797 1913 1836 eas-

207 1853 335 1911 dem
374 1851 582 1909 summa
619 1854 785 1908 animi
839 1852 1154 1909 demiffione
1191 1857 1253 1914 &
1292 1852 1595 1910 intellectas
1630 1856 1913 1929 captivati-

207 1945 314 1985 one
343 1927 699 2002 suscipiendas
743 1931 1103 2002 praeciperent
1144 1949 1161 1985 z
1275 1930 1335 1986 In
1371 1946 1484 2004 quo
1514 1929 1912 2003 Apostolorum

206 2003 557 2078 exemplum,
592 2005 843 2060 omnium
884 2003 1208 2061 saeculorum
1240 2005 1422 2062 Patres
1455 2003 1618 2060 secuti
1657 2002 1911 2069 fuerunt,

212 2082 337 2152 qui,
362 2077 492 2134 elim
509 2078 772 2137 Ac‘lorum
798 2078 918 2153 Cap.
959 2094 1042 2148 15.
1072 2080 1180 2154 jam
1212 2079 1373 2154 supra
1402 2082 1564 2136 citato
1598 2078 1758 2154 super
1785 2098 1927 2138 con-r

206 2152 468 2208 troversia
499 2153 550 2210 le
623 2153 761 2210 lium
796 2153 954 2211 suum
991 2154 1421 2230 interposuissent
1448 2154 1748 2231 judicium,
1777 2155 1913 2214 illud

209 2225 430 2281 decreto
466 2244 548 2299 pu
607 2230 693 2284 ico
745 2244 835 2284 tan
877 2247 1005 2285 uam
1043 2239 1381 2305 praeceptum
1412 2229 1814 2304 imposuerunt,
1853 2234 1927 2292 <Sc⁷

210 2301 435 2354 nomine
457 2304 636 2357 oneris
661 2318 829 2376 expre
870 2320 1044 2362 erunt.
1108 2306 1180 2363 Et
1204 2302 1529 2363 luculentius
1554 2307 1609 2361 in
1637 2304 1743 2361 fine
1773 2304 1918 2379 ejus-v

210 2373 343 2429 dem
374 2374 581 2448 Capitis
609 2377 1000 2449 perambulasse
1037 2381 1237 2437 d1citur
1268 2379 1466 2438 Paulus
1494 2381 1706 2454 Syriam
1741 2384 1801 2441 &
1821 2381 1914 2438 Ci-

212 2447 393 2503 liciam
430 2448 754 2507 confirmans
788 2452 1080 2513 Ecclesiast
1114 2458 1438 2531 praecipiens,
1479 2455 1752 2513 custodite
1779 2470 1921 2531 prce-z

202 2534 350 2598 cepta
386 2524 780 2600 Apostolorum
816 2531 878 2591 &
910 2530 1218 2667 Senilolrum.
1293 2532 1491 2609 Capite
1523 2529 1659 2590 vero
1693 2530 1916 2606 sequen-

1685 2609 1726 2663 ti
1750 2609 1835 2669 16.
