2144 2852
233 180 350 240 226
817 170 993 253 ‘3³ss
1039 170 1206 248 )²³'0³·(
1250 166 1427 250 Q*

332 305 515 365 ''XXL
544 294 876 362 ‘Moderatio
901 307 1172 381 itaque&
1199 294 1950 381 aequitasffldiveffitatem‘flaiz

237 386 539 444 reticorum
586 382 970 439 attendendam
1019 379 1150 437 effe*
1178 379 1347 457 jubet.
1461 381 1602 438 Sunt
1637 379 1786 434 enim
1834 376 1922 434 alii
1932 390 1951 444 ·,

239 459 485 538 quorum
520 458 608 516 vel
643 457 901 533 dogmata
938 462 999 518 &
1037 475 1282 521 errores,
1324 455 1414 515 vel
1451 452 1765 513 turbulenta
1798 453 1952 511 indo⁴

235 537 315 594 les
355 536 522 611 ipsius
561 535 842 592 Societatis
879 533 1057 592 civilis
1096 534 1237 610 ,Jura
1271 539 1333 596 &
1364 536 1610 609 quietem
1649 528 1953 605 tranquilli-

237 612 518 687 tatemque
550 609 831 686 publicam
864 609 1085 682 turbant
1112 645 1131 673 ‚-
1180 615 1241 672 &
1263 613 1378 686 >qui
1411 612 1467 666 in
1500 609 1648 666 varia
1682 604 1787 663 sese
1822 604 1950 662 horae

235 687 407 752 renda
442 686 646 763 flagitia
679 688 1046 762 immergunt,
1081 691 1174 743 aut
1211 687 1366 744 velut
1400 684 1546 743 belli·
1569 683 1714 741 tubae
1748 681 1952 740 tumul·-

236 780 490 827 tuantur,
529 764 721 820 mutua
750 763 1128 839 conjuratione
1164 765 1280 820 vim
1321 765 1618 824 intentant,
1653 761 1950 821 minantur,

234 837 585 902 &inferum
662 841 849 915 Atque
884 842 940 896 in
975 838 1078 906 hos
1114 838 1396 896 severitate
1429 840 1544 901 uti,
1576 838 1756 912 poenis
1786 838 1950 891 etiam

235 917 432 982 mortis
466 914 902 973 animadvertere
942 915 1062 989 jure
1095 916 1268 991 Regio
1303 914 1453 992 posse
1475 913 1735 971 vsummos
1769 910 1952 985 Magi'·

233 994 464 1056 stratus,
491 991 605 1066 ipsa
639 991 737 1049 ill'a
765 991 1049 1067 suprema,
1075 998 1222 1067 2quae
1251 987 1533 1049 Divinitiis
1570 987 1778 1046 eisdem
1824 997 1952 1057 conf

229 1069 442 1125 credita
482 1068 588 1131 est,
625 1068 960 1144 Reipublicae
995 1071 1056 1128 &
1092 1066 1496 1143 tranquillitatis
1521 1062 1837 1140 temporalis
1858 1066 1952 1118 cu·-

231 1162 296 1200 ra
327 1143 577 1201 ostendit.
654 1144 750 1200 Ne
775 1144 900 1218 ipfis
923 1143 1150 1219 quidem
1181 1143 1482 1201 Catholicis
1503 1140 1804 1216 Religionis
1825 1153 1951 1195 cau-

236 1216 288 1275 sa
320 1221 529 1275 vexatis
563 1218 692 1274 licet
726 1218 1017 1276 seditiones
1069 1219 1304 1277 conflare
1316 1254 1346 1283 ‚.
1373 1223 1435 1280 &
1464 1217 1493 1274 a
1529 1217 1850 1288 Principum
1878 1211 1951 1268 le-

234 1296 564 1367 gitimorum
598 1309 724 1349 utut
756 1294 1193 1356 Haereticorum,
1214 1294 1299 1351 uti
1330 1312 1430 1350 nec
1465 1292 1598 1348 olim
1628 1289 1951 1363 Gentilium,

235 1368 500 1443 obsequio
537 1367 825 1425 desciscere
853 1373 915 1429 δε
942 1368 1193 1443 politicas
1217 1368 1268 1425 le
1302 1404 1306 1407 -
1341 1386 1367 1425 s
1387 1365 1705 1425 conculcare
1728 1384 1745 1419 ε
1783 1379 1952 1439 quan.—

238 1443 295 1499 to
323 1443 498 1519 magis
521 1443 867 1500 exscindendi
897 1443 1021 1499 sunt
1055 1443 1236 1500 ultore
1290 1452 1443 1507 erro,
1471 1443 1568 1518 qui
1601 1440 1724 1496 talia
1750 1439 1953 1495 audent

236 1536 426 1577 contra
454 1521 728 1577 Dominos
766 1517 891 1576 suos
924 1518 1202 1594 legitimos
1242 1537 1348 1593 pro
1388 1534 1574 1575 errore
1615 1533 1676 1572 ac
1705 1516 1952 1590 impieta-

238 1612 291 1652 te
323 1594 572 1654 tuenda?
611 1594 786 1651 Nulla
825 1593 947 1652 sane
976 1593 1133 1664 bene,
1151 1594 1443 1652 constituta
1475 1589 1829 1667 Respublica,
1860 1587 1954 1645 sal-

241 1672 308 1735 va
332 1670 423 1728 sua
449 1670 760 1736 securitate,
791 1668 936 1727 ferre
958 1672 1165 1745 poterit
1186 1669 1655 1732 Manichaeorum,
1678 1665 1956 1728 Adamita-

231 1764 394 1809 rum,
430 1746 848 1803 Fraticelloru‘m
864 1781 882 1809 ,
920 1747 1318 1822 Qietistaru'm
1338 1781 1355 1810 ‚
1393 1739 1735 1820 aliarumque
1764 1740 1953 1816 hujus·

238 1822 393 1879 modi
428 1819 673 1897 pestium
706 1820 891 1878 sordes
918 1857 935 1885 ‚
994 1821 1201 1879 fivera
1234 1822 1370 1884 sint,
1411 1838 1534 1897 quae
1567 1819 1636 1876 de
1667 1822 1733 1876 iis
1769 1814 1954 1874 ferun·-

237 1915 347 1957 tur.
465 1898 605 1973 ‚Jure
634 1896 947 1954 evelluntur
994 1895 1024 1953 ὲ
1063 1897 1311 1972 quolibet
1347 1899 1568 1971 Regum
1600 1893 1711 1952 imo
1741 1898 1803 1954 &
1841 1892 1953 1949 vita

228 1974 600 2031 'exturbantur
639 1974 968 2048 opinionum
1008 1972 1229 2030 illarum
1266 1968 1508 2029 fautores
1547 1988 1711 2047 atque
1748 1984 1952 2044 praeco-

238 2068 363 2112 nes,
397 2067 521 2126 quae
557 2049 835 2106 licentiam
879 2048 1141 2122 peccandi
1195 2044 1788 2113 effroenemfacerent,
1826 2057 1950 2118 quae

237 2122 480 2188 furibus,
516 2123 895 2200 grassatoribus
906 2125 1162 2198 „pyratis
1191 2114 1642 2191 communionem
1670 2121 1949 2178 bonorum

241 2203 298 2257 in
320 2201 643 2267 conscientia
666 2198 994 2257 credendam
1024 2198 1177 2255 velut
1205 2200 1544 2273 principium
1567 2195 1672 2254 suae
1696 2205 1948 2272 pragma-

241 2279 358 2333 ticae
390 2292 774 2351 praetexerent,
809 2294 931 2350 quae
960 2273 1361 2349 polygamiam,
1389 2274 1649 2337 incestus,
1684 2273 1948 2330 adulteria

240 2351 478 2428 aliasque
528 2354 870 2426 impuritates
922 2350 1558 2407 Henrico-Nicolaiticae
1595 2346 1948 2406 foeminarum

240 2429 643 2495 communionis
674 2441 941 2500 praetextu
971 2424 1305 2491 inducerent.
1395 2426 1468 2482 Et
1499 2442 1567 2482 ex
1600 2425 1709 2482 hoc
1743 2422 1946 2499 potiffi-

240 2500 396 2558 mum
410 2504 597 2577 eapite
627 2501 889 2577 quasdam
899 2501 1307 2559 Haeret-icorum
1326 2500 1506 2559 Sestas
1518 2536 1535 2566 ,
1557 2499 1620 2560 ut
1646 2499 1946 2560 Donatista-

1739 2590 1868 2629 rum
