<?xml version="1.0" encoding="UTF-8"?>
<!DOCTYPE html PUBLIC "-//W3C//DTD XHTML 1.0 Transitional//EN"
    "http://www.w3.org/TR/xhtml1/DTD/xhtml1-transitional.dtd">
<html xmlns="http://www.w3.org/1999/xhtml" xml:lang="en" lang="en">
 <head>
  <title>
</title>
<meta http-equiv="Content-Type" content="text/html;charset=utf-8" />
  <meta name='ocr-system' content='tesseract 3.04.00' />
  <meta name='ocr-capabilities' content='ocr_page ocr_carea ocr_par ocr_line ocrx_word'/>
</head>
<body>
  <div class='ocr_page' id='page_1' title='image "./dissertatioprior00bartuoft_0303.png"; bbox 0 0 2144 2852; ppageno 0'>
   <div class='ocr_carea' id='block_1_1' title="bbox 762 215 1920 302">
    <p class='ocr_par' dir='ltr' id='par_1_1' title="bbox 762 215 1920 302">
     <span class='ocr_line' id='line_1_1' title="bbox 762 215 1920 302; baseline -0.007 0"><span class='ocrx_word' id='word_1_1' title='bbox 762 215 1371 302; x_wconf 48' lang='grc' dir='ltr'><em>ᾧὸἕθμωὲῑεὲἒ</em></span> <span class='ocrx_word' id='word_1_2' title='bbox 1882 237 1920 294; x_wconf 84' lang='lat'>9</span> 
     </span>
    </p>
   </div>
   <div class='ocr_carea' id='block_1_2' title="bbox 202 351 1923 896">
    <p class='ocr_par' dir='ltr' id='par_1_2' title="bbox 210 351 1923 494">
     <span class='ocr_line' id='line_1_2' title="bbox 210 351 1923 435; baseline -0.006 -17"><span class='ocrx_word' id='word_1_3' title='bbox 210 362 328 433; x_wconf 76' lang='lat' dir='ltr'>XII.</span> <span class='ocrx_word' id='word_1_4' title='bbox 369 359 474 435; x_wconf 83' lang='lat' dir='ltr'><em>Jus</em></span> <span class='ocrx_word' id='word_1_5' title='bbox 491 353 785 434; x_wconf 80' lang='lat' dir='ltr'><em>perce⁴piendi</em></span> <span class='ocrx_word' id='word_1_6' title='bbox 796 357 1023 419; x_wconf 86' lang='lat' dir='ltr'><em>Decimas</em></span> <span class='ocrx_word' id='word_1_7' title='bbox 1044 369 1273 412; x_wconf 80' lang='lat' dir='ltr'><em>extraneo</em></span> <span class='ocrx_word' id='word_1_8' title='bbox 1292 362 1563 432; x_wconf 54' lang='lat' dir='ltr'><em>conspexeris</em></span> <span class='ocrx_word' id='word_1_9' title='bbox 1575 365 1746 410; x_wconf 81' lang='lat' dir='ltr'><em>contra</em></span> <span class='ocrx_word' id='word_1_10' title='bbox 1761 351 1923 408; x_wconf 74' lang='grc' dir='ltr'><em>Ρανσ-</em></span> 
     </span>
     <span class='ocr_line' id='line_1_3' title="bbox 357 432 1249 494; baseline -0.004 -1"><span class='ocrx_word' id='word_1_11' title='bbox 357 437 497 494; x_wconf 83' lang='lat' dir='ltr'><em>chum</em></span> <span class='ocrx_word' id='word_1_12' title='bbox 520 436 590 490; x_wconf 82' lang='lat' dir='ltr'><em>ad</em></span> <span class='ocrx_word' id='word_1_13' title='bbox 605 435 810 489; x_wconf 83' lang='lat' dir='ltr'><em>novales</em></span> <span class='ocrx_word' id='word_1_14' title='bbox 836 451 932 488; x_wconf 87' lang='lat' dir='ltr'><em>non</em></span> <span class='ocrx_word' id='word_1_15' title='bbox 955 432 1249 489; x_wconf 74' lang='lat' dir='ltr'><em>extenditur.</em></span> 
     </span>
    </p>

    <p class='ocr_par' dir='ltr' id='par_1_3' title="bbox 202 503 1920 663">
     <span class='ocr_line' id='line_1_4' title="bbox 202 503 1920 580; baseline -0.008 -9"><span class='ocrx_word' id='word_1_16' title='bbox 202 511 345 575; x_wconf 83' lang='lat' dir='ltr'><em>xm.</em></span> <span class='ocrx_word' id='word_1_17' title='bbox 383 507 774 568; x_wconf 86' lang='lat' dir='ltr'><em>Decimatoribus</em></span> <span class='ocrx_word' id='word_1_18' title='bbox 788 508 934 564; x_wconf 85' lang='lat' dir='ltr'><em>etiam</em></span> <span class='ocrx_word' id='word_1_19' title='bbox 941 510 1082 564; x_wconf 83' lang='lat' dir='ltr'><em>laicis</em></span> <span class='ocrx_word' id='word_1_20' title='bbox 1095 506 1325 565; x_wconf 80' lang='lat' dir='ltr'><em>incumbit</em></span> <span class='ocrx_word' id='word_1_21' title='bbox 1336 525 1458 563; x_wconf 87' lang='lat' dir='ltr'><em>onus</em></span> <span class='ocrx_word' id='word_1_22' title='bbox 1462 504 1513 580; x_wconf 92' lang='lat' dir='ltr'><em>s</em></span> <span class='ocrx_word' id='word_1_23' title='bbox 1501 503 1602 576; x_wconf 87' lang='lat' dir='ltr'><em>ubfi</em></span> <span class='ocrx_word' id='word_1_24' title='bbox 1602 504 1733 561; x_wconf 84' lang='lat' dir='ltr'><em>diari</em></span> <span class='ocrx_word' id='word_1_25' title='bbox 1734 521 1815 560; x_wconf 87' lang='lat' dir='ltr'><em>um</em></span> <span class='ocrx_word' id='word_1_26' title='bbox 1837 520 1920 558; x_wconf 48' lang='grc' dir='ltr'><em>νεά</em></span> 
     </span>
     <span class='ocr_line' id='line_1_5' title="bbox 345 581 1701 663; baseline -0.004 -20"><span class='ocrx_word' id='word_1_27' title='bbox 345 585 562 663; x_wconf 79' lang='lat' dir='ltr'><em>parandi</em></span> <span class='ocrx_word' id='word_1_28' title='bbox 588 582 827 654; x_wconf 75' lang='lat' dir='ltr'><em>Ecclefias</em></span> <span class='ocrx_word' id='word_1_29' title='bbox 859 583 1192 647; x_wconf 55' lang='lat' dir='ltr'><em>Par-achiam,</em></span> <span class='ocrx_word' id='word_1_30' title='bbox 1227 602 1324 639; x_wconf 86' lang='lat' dir='ltr'><em>non</em></span> <span class='ocrx_word' id='word_1_31' title='bbox 1338 596 1499 639; x_wconf 87' lang='lat' dir='ltr'><em>tamen</em></span> <span class='ocrx_word' id='word_1_32' title='bbox 1506 581 1701 647; x_wconf 85' lang='lat' dir='ltr'><em>filiales.</em></span> 
     </span>
    </p>

    <p class='ocr_par' dir='ltr' id='par_1_4' title="bbox 205 655 1921 808">
     <span class='ocr_line' id='line_1_6' title="bbox 205 655 1921 737; baseline -0.006 -17"><span class='ocrx_word' id='word_1_33' title='bbox 205 661 348 720; x_wconf 86' lang='lat' dir='ltr'><strong>XIV.</strong></span> <span class='ocrx_word' id='word_1_34' title='bbox 390 661 498 737; x_wconf 77' lang='lat' dir='ltr'><em>Jus</em></span> <span class='ocrx_word' id='word_1_35' title='bbox 517 655 814 717; x_wconf 67' lang='lat' dir='ltr'><em>Patronatiis</em></span> <span class='ocrx_word' id='word_1_36' title='bbox 822 659 927 732; x_wconf 92' lang='lat' dir='ltr'><em>solo</em></span> <span class='ocrx_word' id='word_1_37' title='bbox 952 658 1088 715; x_wconf 85' lang='lat' dir='ltr'><em>hodie</em></span> <span class='ocrx_word' id='word_1_38' title='bbox 1114 660 1254 716; x_wconf 85' lang='lat' dir='ltr'><em>titulo</em></span> <span class='ocrx_word' id='word_1_39' title='bbox 1260 658 1605 734; x_wconf 82' lang='lat' dir='ltr'><em>fundationis,</em></span> <span class='ocrx_word' id='word_1_40' title='bbox 1637 655 1921 718; x_wconf 84' lang='lat' dir='ltr'><em>dotationis,</em></span> 
     </span>
     <span class='ocr_line' id='line_1_7' title="bbox 354 733 1885 808; baseline -0.003 -14"><span class='ocrx_word' id='word_1_41' title='bbox 354 740 442 794; x_wconf 87' lang='lat' dir='ltr'><em>vel</em></span> <span class='ocrx_word' id='word_1_42' title='bbox 458 735 784 801; x_wconf 72' lang='lat' dir='ltr'><em>edificationis</em></span> <span class='ocrx_word' id='word_1_43' title='bbox 808 733 1128 804; x_wconf 76' lang='lat' dir='ltr'><em>Ecclefiarum</em></span> <span class='ocrx_word' id='word_1_44' title='bbox 1147 736 1440 808; x_wconf 84' lang='lat' dir='ltr'><em>acquiritur.</em></span> <span class='ocrx_word' id='word_1_45' title='bbox 1880 770 1885 776; x_wconf 83' lang='lat'>-</span> 
     </span>
    </p>

    <p class='ocr_par' dir='ltr' id='par_1_5' title="bbox 204 800 1922 896">
     <span class='ocr_line' id='line_1_8' title="bbox 204 800 1922 896; baseline -0.004 -28"><span class='ocrx_word' id='word_1_46' title='bbox 204 810 325 869; x_wconf 90' lang='lat' dir='ltr'><em>XV.</em></span> <span class='ocrx_word' id='word_1_47' title='bbox 363 814 490 870; x_wconf 84' lang='lat' dir='ltr'><em>Non</em></span> <span class='ocrx_word' id='word_1_48' title='bbox 508 809 696 896; x_wconf 64' lang='lat' dir='ltr'><em>excedit</em></span> <span class='ocrx_word' id='word_1_49' title='bbox 710 807 984 885; x_wconf 85' lang='lat' dir='ltr'><em>potestatem</em></span> <span class='ocrx_word' id='word_1_50' title='bbox 1011 809 1346 884; x_wconf 85' lang='lat' dir='ltr'><em>Episcoporum</em></span> <span class='ocrx_word' id='word_1_51' title='bbox 1357 800 1650 884; x_wconf 74' lang='lat' dir='ltr'><em>sponsalium</em></span> <span class='ocrx_word' id='word_1_52' title='bbox 1673 802 1922 876; x_wconf 69' lang='lat' dir='ltr'><em>clandesti-</em></span> 
     </span>
    </p>
   </div>
   <div class='ocr_carea' id='block_1_3' title="bbox 355 883 1728 959">
    <p class='ocr_par' dir='ltr' id='par_1_6' title="bbox 355 883 1728 959">
     <span class='ocr_line' id='line_1_9' title="bbox 355 883 1728 959; baseline -0.003 -16"><span class='ocrx_word' id='word_1_53' title='bbox 355 907 531 946; x_wconf 87' lang='lat' dir='ltr'><em>norum</em></span> <span class='ocrx_word' id='word_1_54' title='bbox 540 887 655 959; x_wconf 87' lang='lat' dir='ltr'><em>suis</em></span> <span class='ocrx_word' id='word_1_55' title='bbox 675 905 730 942; x_wconf 82' lang='lat' dir='ltr'><em>tn</em></span> <span class='ocrx_word' id='word_1_56' title='bbox 752 884 1050 957; x_wconf 74' lang='lat' dir='ltr'><em>Dioecefibus</em></span> <span class='ocrx_word' id='word_1_57' title='bbox 1066 885 1346 959; x_wconf 79' lang='lat' dir='ltr'><em>prohibitio,</em></span> <span class='ocrx_word' id='word_1_58' title='bbox 1380 884 1473 941; x_wconf 76' lang='lat' dir='ltr'><em>imo</em></span> <span class='ocrx_word' id='word_1_59' title='bbox 1492 883 1728 940; x_wconf 82' lang='lat' dir='ltr'><em>irritatio.</em></span> 
     </span>
    </p>
   </div>
   <div class='ocr_carea' id='block_1_4' title="bbox 647 992 1482 1082">
    <p class='ocr_par' dir='ltr' id='par_1_7' title="bbox 647 992 1482 1082">
     <span class='ocr_line' id='line_1_10' title="bbox 647 992 1482 1082; baseline -0.002 -19"><span class='ocrx_word' id='word_1_60' title='bbox 647 994 772 1063; x_wconf 89' lang='lat' dir='ltr'><em>EX</em></span> <span class='ocrx_word' id='word_1_61' title='bbox 816 993 1031 1082; x_wconf 86' lang='lat' dir='ltr'>JURE</span> <span class='ocrx_word' id='word_1_62' title='bbox 1079 992 1482 1063; x_wconf 88' lang='lat' dir='ltr'><strong>PUBLICO.</strong></span> 
     </span>
    </p>
   </div>
   <div class='ocr_carea' id='block_1_5' title="bbox 201 1098 1922 2451">
    <p class='ocr_par' dir='ltr' id='par_1_8' title="bbox 201 1098 1922 1552">
     <span class='ocr_line' id='line_1_11' title="bbox 204 1098 1919 1175; baseline -0.002 -13"><span class='ocrx_word' id='word_1_63' title='bbox 204 1103 246 1162; x_wconf 90' lang='lat'><em>1.</em></span> <span class='ocrx_word' id='word_1_64' title='bbox 361 1104 450 1161; x_wconf 83' lang='lat' dir='ltr'><em>US</em></span> <span class='ocrx_word' id='word_1_65' title='bbox 458 1101 615 1159; x_wconf 88' lang='lat' dir='ltr'><em>REF</em></span> <span class='ocrx_word' id='word_1_66' title='bbox 612 1101 909 1159; x_wconf 85' lang='lat' dir='ltr'><em>ORMAN</em></span> <span class='ocrx_word' id='word_1_67' title='bbox 907 1101 997 1158; x_wconf 93' lang='lat' dir='ltr'><em>DI</em></span> <span class='ocrx_word' id='word_1_68' title='bbox 1012 1102 1331 1159; x_wconf 84' lang='lat' dir='ltr'><em>Dominorum</em></span> <span class='ocrx_word' id='word_1_69' title='bbox 1341 1098 1734 1158; x_wconf 72' lang='lat' dir='ltr'><em>Territorialium</em></span> <span class='ocrx_word' id='word_1_70' title='bbox 1737 1113 1832 1175; x_wconf 87' lang='lat' dir='ltr'><em>pro</em></span> <span class='ocrx_word' id='word_1_71' title='bbox 1841 1106 1919 1158; x_wconf 67' lang='lat' dir='ltr'><em>re-&#39;&#39;</em></span> 
     </span>
     <span class='ocr_line' id='line_1_12' title="bbox 281 1107 1921 1262; baseline -0.001 -27"><span class='ocrx_word' id='word_1_72' title='bbox 281 1107 348 1262; x_wconf 80' lang='lat' dir='ltr'>J</span> <span class='ocrx_word' id='word_1_73' title='bbox 352 1180 492 1251; x_wconf 82' lang='lat' dir='ltr'><em>gula,</em></span> <span class='ocrx_word' id='word_1_74' title='bbox 503 1196 668 1234; x_wconf 91' lang='lat' dir='ltr'><em>annus</em></span> <span class='ocrx_word' id='word_1_75' title='bbox 677 1178 999 1233; x_wconf 87' lang='lat' dir='ltr'><em>Decretorius</em></span> <span class='ocrx_word' id='word_1_76' title='bbox 1008 1178 1131 1234; x_wconf 75' lang='lat' dir='ltr'><em>vero</em></span> <span class='ocrx_word' id='word_1_77' title='bbox 1134 1190 1227 1251; x_wconf 85' lang='lat' dir='ltr'><em>pro</em></span> <span class='ocrx_word' id='word_1_78' title='bbox 1235 1178 1505 1250; x_wconf 79' lang='lat' dir='ltr'><em>exceptione</em></span> <span class='ocrx_word' id='word_1_79' title='bbox 1526 1176 1827 1250; x_wconf 84' lang='lat' dir='ltr'><em>accipiendus</em></span> <span class='ocrx_word' id='word_1_80' title='bbox 1838 1175 1921 1247; x_wconf 71' lang='lat' dir='ltr'><em>est.</em></span> 
     </span>
     <span class='ocr_line' id='line_1_13' title="bbox 201 1248 1922 1333; baseline -0.002 -22"><span class='ocrx_word' id='word_1_81' title='bbox 201 1253 267 1313; x_wconf 79' lang='grc' dir='ltr'><em>ΙΙ.</em></span> <span class='ocrx_word' id='word_1_82' title='bbox 307 1257 417 1333; x_wconf 76' lang='lat' dir='ltr'><em>Jus</em></span> <span class='ocrx_word' id='word_1_83' title='bbox 435 1251 770 1310; x_wconf 86' lang='lat' dir='ltr'><em>introducendi</em></span> <span class='ocrx_word' id='word_1_84' title='bbox 784 1250 1403 1320; x_wconf 78' lang='lat' dir='ltr'><em>simultaneum&#39;innoxium,</em></span> <span class='ocrx_word' id='word_1_85' title='bbox 1413 1254 1560 1307; x_wconf 85' lang='lat' dir='ltr'><em>etiam</em></span> <span class='ocrx_word' id='word_1_86' title='bbox 1568 1248 1832 1325; x_wconf 82' lang='lat' dir='ltr'><em>publicum,</em></span> <span class='ocrx_word' id='word_1_87' title='bbox 1844 1255 1922 1308; x_wconf 88' lang='lat' dir='ltr'><em>in-</em></span> 
     </span>
     <span class='ocr_line' id='line_1_14' title="bbox 352 1325 1920 1394; baseline -0.001 -10"><span class='ocrx_word' id='word_1_88' title='bbox 352 1343 433 1384; x_wconf 80' lang='lat' dir='ltr'><em>ter</em></span> <span class='ocrx_word' id='word_1_89' title='bbox 449 1328 710 1385; x_wconf 86' lang='lat' dir='ltr'><em>Catholicos</em></span> <span class='ocrx_word' id='word_1_90' title='bbox 728 1329 800 1393; x_wconf 67' lang='lat' dir='ltr'><em>dy·</em></span> <span class='ocrx_word' id='word_1_91' title='bbox 824 1325 1152 1394; x_wconf 69' lang='lat' dir='ltr'><em>Prote-stantes</em></span> <span class='ocrx_word' id='word_1_92' title='bbox 1170 1328 1224 1383; x_wconf 90' lang='lat' dir='ltr'><em>in</em></span> <span class='ocrx_word' id='word_1_93' title='bbox 1244 1326 1562 1389; x_wconf 68' lang='lat' dir='ltr'><em>Instrumento</em></span> <span class='ocrx_word' id='word_1_94' title='bbox 1588 1325 1733 1383; x_wconf 82' lang='lat' dir='ltr'><em>Pacis</em></span> <span class='ocrx_word' id='word_1_95' title='bbox 1755 1327 1920 1383; x_wconf 87' lang='lat' dir='ltr'><em>adem-</em></span> 
     </span>
     <span class='ocr_line' id='line_1_15' title="bbox 340 1401 1919 1478; baseline -0.001 -19"><span class='ocrx_word' id='word_1_96' title='bbox 340 1418 486 1478; x_wconf 88' lang='lat' dir='ltr'><em>ptum</em></span> <span class='ocrx_word' id='word_1_97' title='bbox 506 1422 604 1459; x_wconf 89' lang='lat' dir='ltr'><em>non</em></span> <span class='ocrx_word' id='word_1_98' title='bbox 634 1401 728 1472; x_wconf 85' lang='lat' dir='ltr'><em>est,</em></span> <span class='ocrx_word' id='word_1_99' title='bbox 764 1401 965 1473; x_wconf 82' lang='lat' dir='ltr'><em>uametfi</em></span> <span class='ocrx_word' id='word_1_100' title='bbox 983 1421 1144 1459; x_wconf 84' lang='lat' dir='ltr'><em>omnes</em></span> <span class='ocrx_word' id='word_1_101' title='bbox 1164 1401 1356 1470; x_wconf 84' lang='lat' dir='ltr'><em>subditi</em></span> <span class='ocrx_word' id='word_1_102' title='bbox 1387 1403 1441 1458; x_wconf 88' lang='lat' dir='ltr'><em>in</em></span> <span class='ocrx_word' id='word_1_103' title='bbox 1468 1420 1599 1458; x_wconf 86' lang='lat' dir='ltr'><em>anno</em></span> <span class='ocrx_word' id='word_1_104' title='bbox 1630 1404 1919 1459; x_wconf 81' lang='lat' dir='ltr'><em>Decretorio</em></span> 
     </span>
     <span class='ocr_line' id='line_1_16' title="bbox 340 1473 1879 1552; baseline 0 -19"><span class='ocrx_word' id='word_1_105' title='bbox 340 1478 540 1552; x_wconf 81' lang='lat' dir='ltr'><em>fuissent</em></span> <span class='ocrx_word' id='word_1_106' title='bbox 561 1477 776 1548; x_wconf 81' lang='lat' dir='ltr'><em>d.versae</em></span> <span class='ocrx_word' id='word_1_107' title='bbox 799 1477 1036 1548; x_wconf 79' lang='lat' dir='ltr'><em>Religioni</em></span> <span class='ocrx_word' id='word_1_108' title='bbox 1054 1477 1252 1534; x_wconf 67' lang='lat' dir='ltr'><em>addifli.</em></span> <span class='ocrx_word' id='word_1_109' title='bbox 1874 1473 1879 1480; x_wconf 75' lang='grc'>’</span> 
     </span>
    </p>

    <p class='ocr_par' dir='ltr' id='par_1_9' title="bbox 206 1546 1920 2074">
     <span class='ocr_line' id='line_1_17' title="bbox 206 1546 1920 1626; baseline 0 -17"><span class='ocrx_word' id='word_1_110' title='bbox 206 1553 296 1622; x_wconf 76' lang='lat'>111.</span> <span class='ocrx_word' id='word_1_111' title='bbox 340 1549 496 1620; x_wconf 82' lang='lat' dir='ltr'><em>Potest</em></span> <span class='ocrx_word' id='word_1_112' title='bbox 505 1553 748 1608; x_wconf 81' lang='lat' dir='ltr'><em>Dominus</em></span> <span class='ocrx_word' id='word_1_113' title='bbox 757 1546 1095 1607; x_wconf 69' lang='lat' dir='ltr'><em>‘Territorialis</em></span> <span class='ocrx_word' id='word_1_114' title='bbox 1099 1551 1314 1620; x_wconf 84' lang='lat' dir='ltr'><em>subditis</em></span> <span class='ocrx_word' id='word_1_115' title='bbox 1323 1549 1818 1622; x_wconf 52' lang='lat' dir='ltr'><em>chmerlEeReligioniss</em></span> <span class='ocrx_word' id='word_1_116' title='bbox 1834 1554 1920 1626; x_wconf 80' lang='lat' dir='ltr'><em>qui</em></span> 
     </span>
     <span class='ocr_line' id='line_1_18' title="bbox 354 1623 1917 1700; baseline 0 -16"><span class='ocrx_word' id='word_1_117' title='bbox 354 1630 409 1684; x_wconf 84' lang='lat' dir='ltr'><em>in</em></span> <span class='ocrx_word' id='word_1_118' title='bbox 422 1644 550 1682; x_wconf 89' lang='lat' dir='ltr'><em>anno</em></span> <span class='ocrx_word' id='word_1_119' title='bbox 570 1625 774 1680; x_wconf 90' lang='lat' dir='ltr'><em>normali</em></span> <span class='ocrx_word' id='word_1_120' title='bbox 793 1642 882 1680; x_wconf 88' lang='lat' dir='ltr'><em>nec</em></span> <span class='ocrx_word' id='word_1_121' title='bbox 888 1625 1145 1699; x_wconf 87' lang='lat' dir='ltr'><em>publicum,</em></span> <span class='ocrx_word' id='word_1_122' title='bbox 1165 1643 1252 1683; x_wconf 88' lang='lat' dir='ltr'><em>nec</em></span> <span class='ocrx_word' id='word_1_123' title='bbox 1266 1627 1530 1700; x_wconf 86' lang='lat' dir='ltr'><em>privatum</em></span> <span class='ocrx_word' id='word_1_124' title='bbox 1529 1623 1637 1694; x_wconf 81' lang='lat' dir='ltr'><em>suae</em></span> <span class='ocrx_word' id='word_1_125' title='bbox 1652 1626 1917 1698; x_wconf 60' lang='lat' dir='ltr'><em>Religionis</em></span> 
     </span>
     <span class='ocr_line' id='line_1_19' title="bbox 347 1698 1918 1774; baseline -0.001 -14"><span class='ocrx_word' id='word_1_126' title='bbox 347 1702 630 1760; x_wconf 74' lang='lat' dir='ltr'><em>exercitium</em></span> <span class='ocrx_word' id='word_1_127' title='bbox 651 1698 948 1762; x_wconf 86' lang='lat' dir='ltr'><em>habuerunt,</em></span> <span class='ocrx_word' id='word_1_128' title='bbox 976 1700 1178 1774; x_wconf 81' lang='lat' dir='ltr'><em>praefixo</em></span> <span class='ocrx_word' id='word_1_129' title='bbox 1197 1702 1400 1756; x_wconf 84' lang='lat' dir='ltr'><em>termino</em></span> <span class='ocrx_word' id='word_1_130' title='bbox 1420 1701 1582 1771; x_wconf 77' lang='lat' dir='ltr'><em>legali,</em></span> <span class='ocrx_word' id='word_1_131' title='bbox 1612 1702 1755 1756; x_wconf 87' lang='lat' dir='ltr'><em>etiam</em></span> <span class='ocrx_word' id='word_1_132' title='bbox 1776 1704 1918 1759; x_wconf 84' lang='lat' dir='ltr'><em>invi·</em></span> 
     </span>
     <span class='ocr_line' id='line_1_20' title="bbox 347 1774 1911 1849; baseline 0 -15"><span class='ocrx_word' id='word_1_133' title='bbox 347 1780 416 1834; x_wconf 87' lang='lat' dir='ltr'><em>tis</em></span> <span class='ocrx_word' id='word_1_134' title='bbox 438 1780 506 1842; x_wconf 56' lang='grc' dir='ltr'><em>θ’</em></span> <span class='ocrx_word' id='word_1_135' title='bbox 526 1774 820 1839; x_wconf 79' lang='lat' dir='ltr'><em>nolentibus,</em></span> <span class='ocrx_word' id='word_1_136' title='bbox 856 1787 970 1831; x_wconf 89' lang='lat' dir='ltr'><em>utut</em></span> <span class='ocrx_word' id='word_1_137' title='bbox 989 1776 1115 1831; x_wconf 74' lang='lat' dir='ltr'><em>alia&#39;s</em></span> <span class='ocrx_word' id='word_1_138' title='bbox 1154 1774 1413 1849; x_wconf 71' lang='lat' dir='ltr'><em>tranquille</em></span> <span class='ocrx_word' id='word_1_139' title='bbox 1440 1774 1758 1839; x_wconf 85' lang='lat' dir='ltr'><em>viventibus,</em></span> <span class='ocrx_word' id='word_1_140' title='bbox 1796 1780 1911 1834; x_wconf 81' lang='lat' dir='ltr'><em>emi·</em></span> 
     </span>
     <span class='ocr_line' id='line_1_21' title="bbox 345 1843 1903 1982; baseline 0 -74"><span class='ocrx_word' id='word_1_141' title='bbox 345 1854 619 1926; x_wconf 79' lang='lat' dir='ltr'><em>grationem</em></span> <span class='ocrx_word' id='word_1_142' title='bbox 640 1851 919 1925; x_wconf 61' lang='lat' dir='ltr'><em>injusgere,</em></span> <span class='ocrx_word' id='word_1_143' title='bbox 952 1843 1188 1982; x_wconf 65' lang='lat' dir='ltr'><em>&amp;lue-na*</em></span> <span class='ocrx_word' id='word_1_144' title='bbox 1207 1869 1266 1908; x_wconf 91' lang='lat' dir='ltr'><em>ac</em></span> <span class='ocrx_word' id='word_1_145' title='bbox 1283 1851 1345 1908; x_wconf 87' lang='lat' dir='ltr'><em>vi</em></span> <span class='ocrx_word' id='word_1_146' title='bbox 1363 1864 1688 1925; x_wconf 81' lang='lat' dir='ltr'><em>repugnantes</em></span> <span class='ocrx_word' id='word_1_147' title='bbox 1707 1853 1910 1926; x_wconf 71' lang='lat' dir='ltr'><em>ejicere3</em></span> 
     </span>
     <span class='ocr_line' id='line_1_22' title="bbox 343 1925 1910 2001; baseline 0 -17"><span class='ocrx_word' id='word_1_148' title='bbox 343 1927 665 2001; x_wconf 70' lang='lat' dir='ltr'><em>tenemurque</em></span> <span class='ocrx_word' id='word_1_149' title='bbox 685 1926 975 1998; x_wconf 81' lang='lat' dir='ltr'><em>emigrantes</em></span> <span class='ocrx_word' id='word_1_150' title='bbox 992 1944 1019 1981; x_wconf 94' lang='lat' dir='ltr'><em>o</em></span> <span class='ocrx_word' id='word_1_151' title='bbox 1057 1927 1344 1999; x_wconf 76' lang='lat' dir='ltr'><em>Religionem</em></span> <span class='ocrx_word' id='word_1_152' title='bbox 1367 1926 1615 1999; x_wconf 87' lang='lat' dir='ltr'><em>consuetas</em></span> <span class='ocrx_word' id='word_1_153' title='bbox 1636 1925 1910 1984; x_wconf 88' lang='lat' dir='ltr'><em>decimatio-</em></span> 
     </span>
     <span class='ocr_line' id='line_1_23' title="bbox 343 2000 666 2074; baseline -0.009 -14"><span class='ocrx_word' id='word_1_154' title='bbox 343 2023 430 2060; x_wconf 86' lang='lat' dir='ltr'><em>nes</em></span> <span class='ocrx_word' id='word_1_155' title='bbox 453 2000 666 2074; x_wconf 85' lang='lat' dir='ltr'><em>solvere.</em></span> 
     </span>
    </p>

    <p class='ocr_par' dir='ltr' id='par_1_10' title="bbox 201 2074 1914 2303">
     <span class='ocr_line' id='line_1_24' title="bbox 201 2074 1912 2155; baseline 0 -20"><span class='ocrx_word' id='word_1_156' title='bbox 201 2080 294 2140; x_wconf 80' lang='lat' dir='ltr'><em>IV.</em></span> <span class='ocrx_word' id='word_1_157' title='bbox 338 2079 446 2155; x_wconf 81' lang='lat' dir='ltr'><em>Jus</em></span> <span class='ocrx_word' id='word_1_158' title='bbox 466 2092 626 2133; x_wconf 86' lang='lat' dir='ltr'><em>tamen</em></span> <span class='ocrx_word' id='word_1_159' title='bbox 646 2075 1035 2151; x_wconf 84' lang='lat' dir='ltr'><em>transplantandi</em></span> <span class='ocrx_word' id='word_1_160' title='bbox 1059 2075 1137 2134; x_wconf 71' lang='lat' dir='ltr'><em>uti</em></span> <span class='ocrx_word' id='word_1_161' title='bbox 1145 2074 1358 2148; x_wconf 86' lang='lat' dir='ltr'><em>subditis</em></span> <span class='ocrx_word' id='word_1_162' title='bbox 1392 2076 1583 2139; x_wconf 83' lang='lat' dir='ltr'><em>mitius,</em></span> <span class='ocrx_word' id='word_1_163' title='bbox 1620 2095 1679 2133; x_wconf 90' lang='lat' dir='ltr'><em>ac</em></span> <span class='ocrx_word' id='word_1_164' title='bbox 1704 2079 1912 2135; x_wconf 83' lang='lat' dir='ltr'><em>Civitati</em></span> 
     </span>
     <span class='ocr_line' id='line_1_25' title="bbox 336 2152 1914 2229; baseline 0 -18"><span class='ocrx_word' id='word_1_165' title='bbox 336 2155 430 2228; x_wconf 73' lang='lat' dir='ltr'><em>seu</em></span> <span class='ocrx_word' id='word_1_166' title='bbox 453 2152 740 2229; x_wconf 55' lang='lat' dir='ltr'><em>Respublicae</em></span> <span class='ocrx_word' id='word_1_167' title='bbox 770 2153 941 2221; x_wconf 77' lang='lat' dir='ltr'><em>utilius</em></span> <span class='ocrx_word' id='word_1_168' title='bbox 955 2191 971 2215; x_wconf 91' lang='lat'>,</span> <span class='ocrx_word' id='word_1_169' title='bbox 1006 2153 1175 2210; x_wconf 71' lang='lat' dir='ltr'><em>merito</em></span> <span class='ocrx_word' id='word_1_170' title='bbox 1199 2153 1408 2208; x_wconf 90' lang='lat' dir='ltr'><em>Domino</em></span> <span class='ocrx_word' id='word_1_171' title='bbox 1432 2152 1721 2209; x_wconf 86' lang='lat' dir='ltr'><em>territoriali</em></span> <span class='ocrx_word' id='word_1_172' title='bbox 1749 2153 1914 2227; x_wconf 81' lang='lat' dir='ltr'><em>afferi-</em></span> 
     </span>
     <span class='ocr_line' id='line_1_26' title="bbox 349 2227 1019 2303; baseline -0.001 -17"><span class='ocrx_word' id='word_1_173' title='bbox 349 2246 439 2286; x_wconf 87' lang='lat' dir='ltr'><em>tur</em></span> <span class='ocrx_word' id='word_1_174' title='bbox 448 2269 463 2291; x_wconf 88' lang='lat'>,</span> <span class='ocrx_word' id='word_1_175' title='bbox 499 2227 737 2303; x_wconf 70' lang='lat' dir='ltr'><em>acsaepius</em></span> <span class='ocrx_word' id='word_1_176' title='bbox 745 2230 1019 2302; x_wconf 51' lang='lat' dir='ltr'><em>praeplacet.</em></span> 
     </span>
    </p>

    <p class='ocr_par' dir='ltr' id='par_1_11' title="bbox 202 2300 1915 2451">
     <span class='ocr_line' id='line_1_27' title="bbox 202 2300 1915 2378; baseline -0.003 -12"><span class='ocrx_word' id='word_1_177' title='bbox 202 2305 271 2367; x_wconf 87' lang='lat' dir='ltr'><em>V.</em></span> <span class='ocrx_word' id='word_1_178' title='bbox 308 2306 647 2364; x_wconf 83' lang='lat' dir='ltr'><em>Autonomiam</em></span> <span class='ocrx_word' id='word_1_179' title='bbox 666 2302 976 2359; x_wconf 84' lang='lat' dir='ltr'><em>omnimodam</em></span> <span class='ocrx_word' id='word_1_180' title='bbox 995 2306 1066 2369; x_wconf 59' lang='grc' dir='ltr'><em>ὰ</em></span> <span class='ocrx_word' id='word_1_181' title='bbox 1083 2300 1466 2375; x_wconf 76' lang='lat' dir='ltr'><em>independentem</em></span> <span class='ocrx_word' id='word_1_182' title='bbox 1493 2302 1632 2373; x_wconf 77' lang='lat' dir='ltr'><em>usum</em></span> <span class='ocrx_word' id='word_1_183' title='bbox 1658 2303 1824 2378; x_wconf 87' lang='lat' dir='ltr'><em>quoad</em></span> <span class='ocrx_word' id='word_1_184' title='bbox 1836 2304 1915 2377; x_wconf 78' lang='lat' dir='ltr'><em>fa-</em></span> 
     </span>
     <span class='ocr_line' id='line_1_28' title="bbox 343 2375 1910 2451; baseline 0 -14"><span class='ocrx_word' id='word_1_185' title='bbox 343 2400 433 2451; x_wconf 85' lang='lat' dir='ltr'><em>cra</em></span> <span class='ocrx_word' id='word_1_186' title='bbox 443 2379 657 2451; x_wconf 86' lang='lat' dir='ltr'><em>subditis</em></span> <span class='ocrx_word' id='word_1_187' title='bbox 685 2376 1064 2448; x_wconf 79' lang='lat' dir='ltr'><em>Protestantihus</em></span> <span class='ocrx_word' id='word_1_188' title='bbox 1083 2379 1138 2433; x_wconf 88' lang='lat' dir='ltr'><em>in</em></span> <span class='ocrx_word' id='word_1_189' title='bbox 1167 2379 1389 2434; x_wconf 80' lang='lat' dir='ltr'><em>Statuam</em></span> <span class='ocrx_word' id='word_1_190' title='bbox 1419 2380 1764 2436; x_wconf 87' lang='lat' dir='ltr'><em>Catholicorum</em></span> <span class='ocrx_word' id='word_1_191' title='bbox 1783 2375 1910 2437; x_wconf 85' lang='lat' dir='ltr'><em>Ter-</em></span> 
     </span>
    </p>
   </div>
   <div class='ocr_carea' id='block_1_6' title="bbox 344 2450 2007 2529">
    <p class='ocr_par' dir='ltr' id='par_1_12' title="bbox 344 2450 2007 2529">
     <span class='ocr_line' id='line_1_29' title="bbox 344 2450 2007 2529; baseline -0.001 -18"><span class='ocrx_word' id='word_1_192' title='bbox 344 2456 533 2512; x_wconf 87' lang='lat' dir='ltr'><em>ritoriis</em></span> <span class='ocrx_word' id='word_1_193' title='bbox 567 2456 768 2529; x_wconf 84' lang='lat' dir='ltr'><em>asserere</em></span> <span class='ocrx_word' id='word_1_194' title='bbox 789 2489 808 2517; x_wconf 92' lang='lat'>‚</span> <span class='ocrx_word' id='word_1_195' title='bbox 844 2452 908 2521; x_wconf 77' lang='lat' dir='ltr'><em>est</em></span> <span class='ocrx_word' id='word_1_196' title='bbox 927 2450 1113 2523; x_wconf 86' lang='lat' dir='ltr'><em>statum</em></span> <span class='ocrx_word' id='word_1_197' title='bbox 1140 2453 1196 2508; x_wconf 89' lang='lat' dir='ltr'><em>in</em></span> <span class='ocrx_word' id='word_1_198' title='bbox 1216 2450 1357 2523; x_wconf 88' lang='lat' dir='ltr'><em>statu</em></span> <span class='ocrx_word' id='word_1_199' title='bbox 1377 2450 1631 2527; x_wconf 85' lang='lat' dir='ltr'><em>formare,</em></span> <span class='ocrx_word' id='word_1_200' title='bbox 1667 2471 1816 2529; x_wconf 85' lang='lat' dir='ltr'><em>neque</em></span> <span class='ocrx_word' id='word_1_201' title='bbox 1837 2454 1904 2526; x_wconf 82' lang='lat' dir='ltr'><em>est</em></span> <span class='ocrx_word' id='word_1_202' title='bbox 1999 2472 2007 2478; x_wconf 55' lang='lat'><em>⁴</em></span> 
     </span>
    </p>
   </div>
   <div class='ocr_carea' id='block_1_7' title="bbox 350 2525 1905 2604">
    <p class='ocr_par' dir='ltr' id='par_1_13' title="bbox 350 2525 1905 2604">
     <span class='ocr_line' id='line_1_30' title="bbox 350 2525 1905 2604; baseline 0 -16"><span class='ocrx_word' id='word_1_203' title='bbox 350 2533 693 2591; x_wconf 72' lang='lat' dir='ltr'><em>convenienter</em></span> <span class='ocrx_word' id='word_1_204' title='bbox 712 2527 1030 2600; x_wconf 77' lang='lat' dir='ltr'><em>Instrumenta</em></span> <span class='ocrx_word' id='word_1_205' title='bbox 1060 2528 1205 2585; x_wconf 89' lang='lat' dir='ltr'><em>Pacis</em></span> <span class='ocrx_word' id='word_1_206' title='bbox 1244 2525 1596 2604; x_wconf 75' lang='lat' dir='ltr'><em>Wstphalicae,</em></span> <span class='ocrx_word' id='word_1_207' title='bbox 1630 2529 1780 2588; x_wconf 75' lang='lat' dir='ltr'><em>multo</em></span> <span class='ocrx_word' id='word_1_208' title='bbox 1812 2532 1905 2599; x_wconf 52' lang='lat' dir='ltr'><em>miq</em></span> 
     </span>
    </p>
   </div>
   <div class='ocr_carea' id='block_1_8' title="bbox 1036 2600 1832 2679">
    <p class='ocr_par' dir='ltr' id='par_1_14' title="bbox 1036 2600 1832 2679">
     <span class='ocr_line' id='line_1_31' title="bbox 1036 2600 1832 2679; baseline -0.02 0"><span class='ocrx_word' id='word_1_209' title='bbox 1036 2601 1089 2679; x_wconf 88' lang='grc'><em>)(</em></span> <span class='ocrx_word' id='word_1_210' title='bbox 1125 2600 1181 2677; x_wconf 85' lang='grc'><em>).(</em></span> <span class='ocrx_word' id='word_1_211' title='bbox 1736 2604 1832 2664; x_wconf 65' lang='lat' dir='ltr'><em>nus</em></span> 
     </span>
    </p>
   </div>
  </div>
 </body>
</html>
