2144 2852
759 201 1371 287 *QUOUKWQ
1713 258 1722 272 f
1821 216 1923 273 161

211 342 273 402 &
303 334 582 417 violentia,
616 353 684 396 ex
715 334 818 396 suis
849 342 1066 416 privatis
1097 335 1374 400 affectibus
1404 341 1771 401 controversas
1805 336 1927 404 fidei

210 417 530 492 quaestiones
562 413 883 489 dijudicare,
906 414 1128 492 suasque
1159 415 1446 476 decisiones
1478 419 1564 476 vel
1596 421 1648 475 vi
1678 438 1927 486 eXtortas,

210 494 298 550 vel
333 490 614 550 fraudibus
637 496 699 553 &
727 490 865 549 dolis
895 491 1243 568 quorundam
1272 491 1544 552 fabricatas
1569 494 1676 552 aliis
1710 495 1927 571 Episco-

210 572 325 646 pis,
348 586 446 644 per
481 567 710 625 modum
743 567 906 642 Legis
946 570 1337 643 Imperatorum
1372 588 1596 647 quoque
1629 569 1815 629 favore
1865 589 1926 632 ac

208 645 445 721 potentia
489 645 880 720 nonnunquam
921 642 1146 702 suffultae
1176 663 1337 722 atque
1358 645 1606 709 firmatae,
1629 647 1925 706 obtrudere

208 719 527 780 attentarint.
607 719 829 777 Probata
862 718 996 778 vero
1037 722 1176 778 inter
1216 721 1518 780 Catholicos
1553 723 1789 781 Concilia
1814 736 1925 783 n'on

209 815 276 856 eo
315 795 520 855 tantum
554 797 775 854 nomine
809 794 975 854 fidem
1007 813 1311 862 merentur,
1338 802 1400 860 &
1428 801 1703 856 veritatem
1736 799 1927 858 assecu-

210 890 262 931 ta
298 873 622 936 creduntur,
659 871 811 947 quod
844 872 1146 930 multorum
1185 871 1442 950 suffragiis
1477 892 1560 932 res
1595 875 1666 932 ibi
1699 875 1927 950 peraE‘cae

210 949 311 1007 sint
340 985 360 1013 ,
410 947 498 1005 sed
531 948 687 1024 quod
734 947 984 1024 Episcopi
1023 948 1227 1006 Literas
1262 950 1480 1008 Divinas
1520 955 1581 1012 &
1613 968 1926 1025 germanam

209 1025 552 1084 traditionem
588 1023 678 1088 ea,
714 1023 822 1101 qua
858 1042 955 1100 par
988 1024 1093 1088 est,
1125 1024 1428 1101 diligentia,
1467 1024 1574 1083 fide
1606 1044 1666 1084 ac
1715 1026 1927 1085 sinceri·
1999 1096 2002 1097 7

210 1118 317 1160 tate
347 1099 734 1165 consuluerint,
774 1099 1150 1163 examinarint‚
1175 1106 1238 1163 ὃς
1269 1099 1565 1160 secundum
1599 1119 1684 1159 eas
1723 1101 1925 1161 senten·

210 1179 337 1234 tiam
370 1174 647 1234 ediderint.
736 1175 806 1234 Et
835 1176 922 1234 vel
951 1175 1072 1234 ideo
1109 1176 1347 1235 Concilia
1381 1194 1683 1250 coguntur,
1706 1196 1766 1235 ut
1797 1179 1926 1254 Epi-

213 1253 356 1328 scopi
394 1253 734 1310 traditionem
773 1252 990 1310 suarum
1017 1254 1248 1328 quisque
1284 1252 1636 1311 Ecclesiarum
1666 1254 1817 1312 velut
1851 1272 1927 1312 te-

211 1329 311 1387 stes
343 1328 700 1404 custodesque
734 1328 915 1391 simul,
946 1333 1007 1390 &
1026 1328 1252 1404 ‚Judices
1277 1326 1621 1390 ,commodius
1651 1328 1927 1404 tutiusque

211 1404 492 1479 colligant,
529 1410 591 1465 &
627 1406 831 1462 mutuis
866 1403 969 1461 sese
1019 1404 1316 1469 doE’trinae,
1373 1404 1675 1468 industriae,
1727 1407 1928 1464 studio·-

212 1499 365 1545 rum,
401 1480 644 1545 luminis,
673 1479 932 1556 sapientiae
961 1485 1023 1542 δε
1060 1480 1405 1538 consiliorum
1439 1480 1690 1555 praefidiis
1723 1481 1926 1555 juvent.

363 1629 558 1687 XVIII.
612 1629 875 1706 Qamvis
922 1627 1056 1687 vero
1092 1628 1277 1687 nullibi
1316 1626 1665 1703 splendidius,
1692 1627 1766 1687 ob
1804 1648 1928 1690 ean-

216 1705 344 1763 dem
385 1708 645 1763 rationem
681 1705 848 1762 modo
878 1704 1198 1779 expositam,
1227 1705 1451 1762 Ecclesia
1486 1704 1632 1762 suam
1666 1705 1736 1763 de
1765 1709 1928 1766 rebus

215 1781 340 1838 fidei
393 1780 741 1855 dijudicandis
781 1797 841 1837 ac
888 1779 1234 1838 decernendis
1280 1780 1648 1838 auctoritatem
1687 1798 1927 1842 exerceat

216 1874 376 1932 atque
410 1857 766 1920 demonstret,
794 1855 959 1930 quam
992 1857 1047 1913 in
1079 1855 1356 1929 Conciliis;
1386 1855 1452 1912 ab
1487 1854 1569 1913 his
1606 1872 1782 1913 tamen
1807 1875 1928 1932 pra-

218 1935 301 1990 ‘vae
335 1949 498 1995 artes,
529 1929 749 1991 affecius
818 1930 1014 1988 erversi
1034 1970 1047 1995 ,
1069 1935 1150 1989 vis
1179 1936 1242 1993 &
1273 1948 1473 1994 metus,
1497 1930 1782 1996 illecebrae,
1805 1951 1927 2008 par-

216 2010 353 2067 tium
383 2007 619 2066 studium
648 2006 745 2065 abe
784 2027 815 2065 e
850 2007 1079 2072 debent,
1098 2025 1160 2065 ut
1191 2006 1347 2083 plena
1380 2007 1617 2065 libertate
1648 2010 1926 2069 veritatem

218 2083 524 2159 sequantur.
600 2082 759 2141 Ultro
788 2084 932 2142 enim
968 2083 1313 2141 concedimus
1344 2088 1405 2144 δε
1439 2100 1566 2145 nos,
1593 2099 1755 2158 atque
1786 2083 1927 2142 affir-

218 2157 651 2291 ffiffimossffiffsg
668 2158 1924 2296 iffilfflffsscssffisssssffii’13‘³3‘;¹„2305s³3352³³⁵f

224 2306 423 2364 Revera
456 2306 721 2381 lugendus
754 2255 1065 2384 aliquandoa
1080 2313 1303 2385 contigit
1341 2312 1393 2365 in
1434 2308 1678 2383 pluribus
1716 2253 1925 2383 Episggo:

221 2384 303 2457 pis
332 2380 521 2454 lapsus.
594 2382 752 2456 Justo
778 2422 792 2446 ,
842 2402 1150 2461 quanquam
1187 2385 1428 2448 occulto,
1480 2384 1678 2458 judicio
1717 2385 1922 2460 lapsum

224 2455 488 2531 ejusmodi
523 2457 757 2531 permisit
789 2459 1011 2534 quidem
1046 2462 1230 2533 Deus;
1268 2461 1342 2517 ast
1384 2476 1495 2516 nun
1537 2477 1660 2518 uam
1706 2460 1925 2535 permis-

225 2531 380 2591 surus
411 2532 516 2597 est,
552 2532 848 2594 universam
879 2534 1160 2670 Eccleg‘im
1198 2537 1365 2595 errori
1401 2552 1504 2594 con
1525 2537 1709 2594 entire.
1779 2535 1926 2623 §iim

1705 2626 1851 2671 enlm
