2144 2852
699 192 1309 278 *ummo*
1813 214 1912 272 151

205 330 463 384 omnium
498 324 859 385 Ecclesiarum
897 326 1260 388 sollicitudine
1276 366 1293 394 ,
1335 329 1497 405 super
1536 329 1917 389 controversiis

209 402 502 479 judicavit,
538 404 825 479 statimque
857 409 1279 480 pronuntiavit3
1319 405 1613 482 aliquando
1651 422 1752 480 per
1786 406 1918 480 Epi-

206 478 399 553 scopos
452 481 508 534 in
553 479 815 536 Conciliis
866 495 987 536 tum
1025 481 1472 554 particularibus,
1511 497 1632 537 tum
1678 480 1917 538 maxime

197 557 557 610 oecumenicis
596 571 984 629 congregatos,
1024 555 1318 632 aliquando
1357 574 1458 632 per
1494 556 1719 615 eosdem
1763 574 1918 614 extra

202 629 480 692 Concilia,
508 633 569 690 &
603 631 660 684 in
693 629 846 687 Orbe
876 630 1172 704 dispersos,
1199 632 1309 691 five
1341 651 1441 706 per
1475 631 1682 695 literas,
1707 637 1768 694 ὃς
1789 650 1914 690 con-

203 704 416 763 sensum
454 705 759 763 eorundem
794 706 882 767 vel
918 707 1251 780 expressum,
1291 708 1378 766 vel
1421 710 1662 766 tacitum.

369 857 458 914 IX.
526 856 599 914 Et
631 855 884 932 quamvis
923 859 1065 914 circa
1099 855 1271 933 ipsam
1303 858 1518 915 Summi
1547 856 1821 916 Pontificis
1857 860 1914 914 in

199 931 286 989 his
319 932 642 1009 potestatem
683 937 743 993 &
776 931 1194 1001 auhoritatem,
1227 938 1288 996 &
1323 933 1564 1008 reliquos
1599 936 1763 991 etiam
1796 952 1913 990 mo-

199 1008 302 1065 dos
361 1025 493 1064 mox
555 1008 842 1065 recensitos
891 1007 958 1065 ali
1000 1027 1070 1065 ua
1131 1011 1434 1066 etiamnum
1473 1008 1669 1066 intafita
1707 1008 1814 1066 fide
1852 1014 1914 1070 &

195 1085 603 1140 communione·
630 1082 875 1141 fidelium
907 1083 964 1140 di
987 1084 1363 1158 putationibus
1402 1083 1504 1140 sint
1546 1084 1815 1147 obnoxia,
1852 1089 1913 1147 δε

199 1157 510 1222 differentes
535 1158 797 1232 supersint
831 1159 1155 1217 Scholarum
1186 1165 1247 1222 &
1278 1158 1590 1226 Do&orum
1621 1159 1910 1233 sententiae,

199 1235 256 1288 in
291 1234 493 1309 quibus
534 1233 688 1310 juxta
726 1233 974 1308 superius
1025 1235 1168 1292 dieta
1218 1238 1384 1292 etiam
1437 1238 1494 1291 in
1527 1235 1760 1292 Ecclesia
1789 1253 1912 1310 per-

195 1306 337 1366 fe&a
374 1309 535 1367 datur
574 1309 834 1367 sentiendi
871 1310 1089 1368 libertas
1129 1327 1145 1384 ;
1186 1326 1421 1369 attamen
1460 1313 1517 1367 in
1558 1311 1911 1386 dogmatibus

195 1383 360 1441 semel
393 1384 599 1460 judicio
635 1385 953 1443 universalis
984 1385 1233 1443 Ecclesiae
1266 1386 1493 1462 publico
1530 1386 1764 1444 definitis
1787 1404 1909 1461 per-

193 1456 335 1517 fecta
367 1460 576 1535 ubique
605 1465 665 1521 ὃς
700 1460 912 1535 semper
948 1464 1201 1518 omnium
1235 1461 1380 1519 reEte
1419 1462 1761 1518 credentium
1783 1479 1909 1517 con-

195 1552 321 1590 cors
358 1535 457 1589 stat
494 1537 671 1591 unitas
712 1556 726 1590 z
768 1536 878 1593 sive
915 1535 1184 1611 judicium
1217 1535 1352 1591 illud
1390 1535 1679 1608 publicum
1715 1534 1908 1590 intelli-

196 1625 359 1683 gatur
407 1609 704 1665 Decretum
763 1611 998 1668 Concilii
1050 1612 1431 1670 Oecumenici2
1473 1609 1621 1683 quali
1670 1610 1907 1667 Arianis-

195 1702 320 1740 mus
358 1684 561 1740 Nicaeae
592 1685 985 1741 condemnatus
1022 1685 1097 1740 est
1129 1702 1144 1758 3
1184 1684 1295 1740 five
1332 1683 1681 1745 Pontificium
1716 1702 1906 1743 oracu-

195 1759 315 1815 lum
349 1760 614 1832 Corporis
651 1759 930 1815 Pastorum
981 1757 1237 1815 consensu
1282 1759 1371 1816 vel
1421 1757 1667 1832 expresso
1704 1759 1793 1816 vel
1830 1777 1903 1818 ta-

194 1837 306 1891 cito
360 1851 460 1909 per
511 1850 682 1890 totam
732 1833 1026 1891 Ecclesiam
1076 1849 1392 1908 receptum,
1452 1834 1612 1908 quale
1646 1834 1901 1891 Innocen-

195 1912 304 1967 tius
342 1910 381 1966 Ι.
421 1926 627 1966 contra·
658 1909 940 1984 Pelagium
964 1945 979 1971 ,
1033 1913 1094 1970 ὃς
1129 1912 1342 1984 priores
1383 1908 1668 1966 Pontifices
1714 1926 1901 1966 contra

191 1987 525 2060 antiquiores
560 1984 782 2051 haereses
818 1984 1064 2047 edidere,
1091 1984 1199 2041 five
1228 1983 1447 2043 Sanctio
1478 1983 1900 2059 Episcoporum,

192 2077 286 2118 aut
310 2059 544 2118 Concilii
570 2062 734 2117 etiam
769 2060 1112 2134 particularis
1138 2059 1447 2117 Nationalis
1487 2075 1580 2115 aut
1620 2060 1899 2117 Provinci-

194 2135 293 2191 alis
331 2136 398 2192 ab
431 2135 682 2192 universa
712 2135 944 2193 Ecclesia
986 2138 1181 2210 agniti,
1225 2134 1378 2210 quod
1418 2135 1569 2191 Pauli
1604 2134 1896 2192 Samosate-

192 2212 250 2266 ni
282 2210 492 2284 placitis
528 2215 589 2271 &
608 2210 886 2267 erroribus
914 2210 1221 2279 Antiochiae
1253 2212 1498 2283 contigit.
1578 2211 1638 2267 In
1663 2209 1894 2267 substan-

190 2287 264 2341 tia
303 2282 436 2358 ergo
475 2289 536 2344 &
572 2288 627 2339 in
663 2303 728 2340 eo
769 2303 958 2342 omnes
1001 2286 1269 2343 Catholici
1310 2287 1672 2347 conveniunt,
1713 2289 1774 2345 &
1806 2284 1913 2343 fir„

192 2360 282 2416 ma
322 2359 429 2415 fide
463 2374 672 2421 tenent,
712 2360 865 2435 quod
905 2362 1172 2435 Corporis
1208 2361 1489 2417 Pastorum
1528 2360 1638 2417 five
1673 2360 1892 2433 Episco-

194 2453 399 2509 porum
450 2435 630 2508 Capiti
665 2433 759 2490 suo
793 2437 1022 2493 Summo
1056 2435 1308 2506 Pontis-ici
1336 2438 1621 2493 unitorum
1653 2440 1892 2497 &com-

191 2512 590 2570 municantium
631 2509 919 2570 ‘consensus
966 2511 1215 2586 suprema
1267 2515 1328 2572 &
1377 2510 1444 2568 ab
1492 2513 1645 2568 omni
1691 2514 1893 2568 erroris

1673 2604 1813 2661 peri-
