2144 2852
749 166 928 249 ᾒῡὲο
956 169 999 256 ,)
1035 169 1139 247 0(
1181 166 1357 249 &Q
1800 181 1922 238 225

184 303 436 363 ‘fluentes
476 299 713 379 ;·quid?
747 301 907 380 *quod
938 302 1130 377 legum
1179 298 1553 378 Imperialium
1584 313 1742 371 motu
1787 316 1918 377 pro-

207 382 332 457 prio
369 379 602 436 latarum
634 378 891 437 'ustitiam
917 375 1109 455 potius
1141 381 1421 453 mitigare,
1457 376 1626 452 quam
1663 376 1920 435 accende-

204 475 267 514 re
292 454 597 512 studuerint
658 455 867 530 piscopi
880 491 896 517 ‚
911 472 1183 512 memores
1201 473 1331 512 cum
1350 453 1545 512 Sancto
1561 453 1751 510 Leone
1762 451 1921 528 Epzst.

203 547 310 608 93,
341 530 761 589 Ecclesiasticam
809 530 1086 588 lenitatem
1134 528 1447 588 sacerdotali
1487 545 1799 587 contentam
1839 528 1921 605 ju-

206 607 354 666 dicio
383 623 634 665 cruentas
661 604 915 683 refugere
947 606 1200 665 ultiones.
1281 605 1589 663 Probabant
1623 607 1661 662 ii
1685 605 1921 662 Haereti-

203 700 403 742 corum
457 686 847 742 coercitionem
884 701 997 740 non
1034 682 1102 740 ad
1132 681 1461 745 vindictam,
1508 680 1600 738 sed
1631 680 1700 738 ad
1740 698 1922 738 emen-

205 759 489 817 dationem
524 764 586 821 &
606 761 1000 835 poenitentiam.
1078 758 1262 834 Digna
1289 754 1540 834 profeci&
1573 756 1694 814 sunt
1727 756 1924 831 spiritu

204 834 440 893 lenitatis
482 835 550 893 ab
592 835 861 911 Apostolo
898 834 1283 893 commendato
1313 836 1368 892 S.
1409 833 1704 907 Augustini
1736 836 1797 894 δε
1833 848 1925 888 ex-

202 911 389 988 empla
422 916 484 974 &
518 911 712 976 verba,
736 910 1037 987 praesertim
1059 908 1216 987 Epzst.
1244 927 1365 970 100.
1389 909 1459 967 ad
1487 909 1771 967 Donatum
1795 907 1927 965 Pro-

204 987 488 1049 consulem
517 985 749 1052 Africae,
774 987 871 1045 ubi
904 987 1086 1063 ipsum
1119 987 1476 1063 deprecatur,
1504 1002 1578 1042 ne
1609 980 1847 1040 nimium
1869 985 1929 1046 in

206 1062 543 1128 Haereticos‚
577 1065 885 1122 Donatistas
916 1063 1201 1126 videlicet,
1242 1078 1369 1121 utut
1407 1058 1929 1136 flagitiofiffimos&

206 1137 487 1197 seditiosos
522 1142 723 1215 quietIs
754 1139 990 1215 publicae
1024 1138 1333 1197 turbatores
1356 1155 1463 1213 pro
1488 1138 1824 1193 immanitate
1852 1132 1928 1191 fa-

204 1216 463 1273 cinorum
496 1215 776 1274 desaeviret
809 1237 826 1273 ε
930 1214 1030 1273 Ibi.
1144 1214 1407 1290 „Neque
1440 1214 1590 1270 enim
1626 1210 1928 1270 vindifi'cam

205 1290 316 1355 „de
345 1294 581 1348 inimicis
612 1294 670 1348 in
703 1291 805 1349 hac
844 1307 987 1349 terra
1020 1293 1358 1366 requirimus
1376 1324 1392 1353 ‚
1430 1304 1525 1346 aut
1558 1287 1694 1346 vero
1731 1287 1799 1343 ad
1838 1302 1928 1344 eas

208 1367 516 1444 „angustias
553 1369 718 1424 animi
765 1384 867 1425 nos
904 1365 1107 1424 debent
1152 1366 1457 1428 coarctare,
1497 1382 1622 1440 quae
1654 1365 1932 1438 patimur,

210 1459 312 1505 „ut
351 1442 740 1500 obliviscamur
768 1478 787 1506 ‚
837 1443 976 1518 quid
1011 1441 1171 1499 nobis
1211 1442 1536 1515 praeceperit
1559 1473 1576 1500 ‚
1628 1456 1735 1512 pro
1771 1437 1930 1511 cujus

211 1520 481 1581 „veritate
511 1536 571 1573 ac
604 1520 827 1574 nomine
859 1519 1121 1592 patimur.
1199 1516 1501 1590 Diligimus
1540 1515 1793 1569 inimicos
1832 1529 1932 1568 no-

212 1593 413 1655 „stros‚
439 1597 501 1652 &
532 1609 754 1649 oramus
785 1609 891 1666 pro
925 1595 1019 1648 eis,
1098 1590 1263 1648 Unde
1297 1589 1575 1646 occasione
1600 1587 1932 1645 terribilium

213 1667 502 1742 „judicum
539 1685 600 1723 ac
630 1665 856 1741 legum,
908 1684 978 1723 ne
1012 1668 1070 1721 in
1105 1667 1290 1722 aeterni
1328 1663 1540 1740 Judicii
1574 1680 1763 1739 poenas
1798 1664 1932 1720 inci-

214 1744 383 1807 „dant
414 1779 432 1806 ‚
468 1743 688 1817 'corrigi
739 1759 834 1799 eos
872 1742 1166 1814 cupimus,
1203 1757 1317 1796 non
1357 1740 1577 1811 necari;
1631 1756 1733 1795 nec
1779 1738 1934 1796 disci-

211 1819 460 1895 „plinam
509 1820 651 1873 circa
681 1834 776 1874 eos
824 1816 1030 1892 negligi
1085 1815 1347 1873 volumus
1382 1849 1400 1877 2
1474 1831 1576 1870 nec
1622 1812 1935 1888 suppliciis,

207 1893 458 1971 „quibus
495 1892 650 1968 digni
680 1891 832 1956 sunt,
869 1892 1124 1949 exerceri.
1206 1893 1294 1949 Sic
1322 1891 1492 1965 igitur
1515 1906 1713 1946 eorum
1744 1906 1936 1964 pecca·

211 1987 308 2037 „ta
330 1968 642 2044 compesce,
677 1983 742 2024 ut
771 1967 899 2031 sint,
929 1985 1070 2042 quos
1101 1969 1362 2043 poeniteat
1385 1962 1635 2040 peccasse.
1659 1999 1694 2027 2,
1771 1963 1935 2024 Adeo

216 2043 486 2104 nimirum
518 2043 720 2103 Christi
755 2042 1070 2102 Sacerdotes
1101 2043 1170 2100 ad
1208 2042 1261 2100 se
1297 2043 1574 2116 pertinere
1611 2039 1823 2115 semper
1853 2056 1934 2098 ar·

215 2123 405 2179 bitrati
436 2120 558 2177 sunt
595 2119 890 2177 condolere
923 2120 1019 2182 iis,
1060 2121 1158 2195 qui
1195 2121 1451 2195 ignorant
1485 2120 1546 2177 δ(
1580 2131 1789 2179 errant,
1828 2118 1934 2174 mi-

216 2200 361 2255 tiora
388 2195 606 2252 confilia
638 2194 840 2270 eligere
862 2199 923 2256 &
945 2193 1190 2269 praebere
1205 2230 1222 2258 ‚
1254 2210 1420 2268 atque
1454 2190 1691 2255 obstare,
1715 2209 1784 2248 ne
1806 2191 1935 2267 plus

263 2270 391 2328 uam
426 2269 614 2328 deceat
647 2273 710 2330 &
745 2271 1032 2347 expediat,
1070 2285 1163 2328 aut
1193 2286 1417 2345 aequum
1455 2267 1549 2330 sit,
1568 2270 1624 2325 in
1647 2266 1932 2344 hujusmo-

266 2348 295 2407 ir
315 2345 610 2409 hominum
643 2362 821 2424 genus
853 2345 1041 2416 ¹saeviat
1070 2346 1333 2407 saecularis
1363 2343 1616 2422 potestas.

1038 2491 1143 2563 Ff
1700 2491 1860 2556 XXI.
