2144 2852
234 211 350 284 256
788 204 984 287 &³¹5ss
1029 202 1417 290 >1³(ffl’fl¹

398 339 499 399 XI.
560 333 686 399 Alia
719 333 853 398 vero
891 337 1038 405 sunt,
1071 357 1195 416 quae
1227 340 1410 418 aliqua
1444 336 1524 398 eie
1644 346 1651 351 ”
1733 334 1934 404 ᾶοίὶτὶὴ

235 432 364 477 nam
397 415 602 474 laedunt
641 413 769 472 fidei
807 414 896 473 vel
916 434 1179 479 morum,
1215 432 1379 492 atque
1427 415 1528 474 ade
1595 416 1799 474 vitium
1850 418 1931 472 ni-

236 492 341 551 mis
375 509 547 568 grave
568 522 585 554 ‚
637 489 750 548 imo
778 494 986 549 crimen
1023 493 1079 548 in
1129 491 1326 549 statum
1361 489 1607 549 Ecclefiae
1645 491 1935 565 publicum

237 566 483 646 produnt
517 584 578 623 ac
612 566 935 640 involvunt3
968 570 1030 628 &
1064 566 1198 624 ficut
1230 569 1419 641 priora
1451 582 1522 623 ex
1551 567 1857 641 ignorantia
1875 570 1938 627 &t

237 643 576 718 fimplieitate
615 641 949 716 procedunt,
983 641 1058 699 ita
1090 642 1186 700 ista
1212 641 1543 718 plerumque
1581 636 1843 712 malitiam
1874 644 1938 702 δε

237 718 595 794 cupiditatem
633 733 864 784 matrem
895 717 1111 774 habent.
1190 717 1322 786 Huc
1356 719 1660 792 pertinent,
1682 733 1934 791 quaecun-

236 810 348 870 que
382 811 484 868 per
508 790 765 850 fraudem
802 797 863 854 δε
895 791 1242 855 mendacium
1260 828 1279 856 ‚
1314 796 1376 854 δε
1406 788 1522 849 fere
1551 789 1766 866 semper
1791 808 1937 866 quae-

237 869 349 928 stfis
380 866 537 926 causa
550 902 566 931 ‚
602 867 669 924 ab
702 867 1020 924 hominibus
1053 870 1460 942 excogitantur,
1489 871 1552 929 &
1585 864 1934 923 venditantur

236 945 310 1004 ad
346 943 807 1001 commovendam
883 942 1183 1017 opulorum
1212 945 1503 1017 pietatem,
1536 935 1934 998 trahendfimve

238 1020 309 1078 ad
342 1019 393 1076 se
423 1018 597 1093 plebis
631 1035 835 1074 concur
859 1037 981 1079 um,
1005 1015 1737 1080 existimationem‚&dona.
1808 1014 1934 1073 'Fal-

236 1097 288 1153 sa
314 1093 601 1155 miracula,
624 1089 775 1150 falsas
815 1093 1210 1168 Indulgentias‚
1237 1090 1394 1149 falsas
1423 1091 1732 1166 Reliquias,
1763 1087 1932 1146 confi-

235 1170 347 1229 ἕως
383 1167 740 1225 revelationes
774 1173 834 1229 ὃς
870 1167 1102 1225 visiones
1128 1200 1144 1230 ,
1184 1167 1349 1243 siquis
1384 1165 1514 1225 dolo
1547 1165 1692 1222 malo
1728 1164 1798 1222 ad
1830 1181 1933 1234 po-

234 1245 435 1322 pulum
484 1241 716 1297 adducat
754 1261 771 1296 2
808 1242 1143 1298 notiffimum
1176 1243 1252 1299 est
1267 1277 1283 1305 ‚
1322 1241 1439 1298 haec
1477 1240 1545 1297 ab
1574 1239 1934 1298 Ecclesiastica

234 1316 650 1379 catholicorum
685 1314 964 1389 disciplina
985 1333 1096 1372 non
1126 1314 1300 1372 solum
1331 1318 1407 1371 im
1449 1313 1632 1374 robari
1652 1317 1715 1375 δε
1737 1315 1929 1376 vetari.

236 1393 328 1452 sed
359 1409 459 1449 nec
494 1390 744 1453 tolerari,
797 1394 857 1451 &
911 1387 1098 1463 potius
1131 1389 1340 1462 rigide,
1372 1407 1414 1449 u
1454 1390 1472 1444 i
1513 1386 1931 1463 deprehendun-

239 1486 360 1531 tur,
386 1466 648 1539 castigari.
725 1464 970 1521 Barbaris
1008 1463 1143 1521 adeo
1175 1463 1376 1520 saeculis
1399 1480 1682 1538 nunquam
1706 1459 1932 1520 defucto

235 1547 378 1602 inter
410 1541 652 1598 Pastores
678 1574 694 1602 ‚
731 1541 828 1614 qui
878 1543 939 1599 &
972 1538 1094 1595 zelo
1129 1542 1191 1600 &
1228 1538 1443 1595 scientia
1477 1537 1694 1613 praediti
1738 1535 1931 1606 hu·us·„

235 1617 389 1694 modi
415 1615 711 1691 praestigias
736 1614 766 1683 a
802 1631 969 1689 grege
1001 1613 1097 1671 suo
1125 1628 1441 1671 averterunt
1462 1617 1560 1686 3&
1589 1611 1802 1687 semper
1869 1629 1932 1670 o-

235 1707 527 1752 manorum
548 1688 825 1763 praeprue
854 1688 1181 1746 Pontificum
1216 1687 1495 1763 vigilantia
1516 1687 1788 1761 ejusmodi
1808 1703 1930 1744 cor·

235 1767 464 1844 ruptelis
514 1764 798 1820 interceffit
826 1799 842 1826 ‚
880 1763 1322 1840 gravissimasque
1367 1778 1555 1838 poenas
1603 1765 1662 1819 in
1707 1762 1927 1821 Pietatis

237 1842 560 1920 impostores
592 1839 852 1897 decrevit.
1574 1880 1575 1883 η
1874 1851 1879 1855 ’

378 1991 505 2050 XII.
545 1988 708 2048 Unde
744 1988 935 2047 tolerat
971 1987 1202 2047 Ecclesia
1245 2002 1640 2065 nonnunquam
1656 2020 1674 2053 ‚
1718 1980 1928 2044 tametsi

230 2084 347 2126 nun
386 2084 518 2123 uam
548 2083 617 2140 ap
660 2065 844 2128 robet‚
881 2064 979 2121 alia
1012 2063 1262 2138 quaedam
1293 2067 1544 2126 crimina,
1595 2081 1718 2140 quae
1755 2060 1926 2137 ipsam

232 2143 352 2218 ejus
392 2158 482 2198 em
538 2083 800 2197 dogrinae
856 2141 1151 2215 puritatem
1200 2155 1311 2195 non
1346 2137 1600 2213 proxime
1633 2135 1769 2195 adeo
1805 2135 1926 2193 infi-

232 2222 411 2278 ciunt,
432 2231 524 2272 aut
561 2214 764 2273 dii-effic
802 2217 1156 2289 impugnant,
1196 2211 1323 2269 etim
1362 2212 1632 2286 ejusmodi
1672 2230 1735 2268 ea
1769 2209 1924 2274 sunt,

230 2308 296 2350 ut
332 2292 440 2348 fine
474 2286 754 2346 manifesto
794 2288 1020 2346 scandali
1069 2304 1162 2343 aut
1200 2287 1491 2344 schismatis
1526 2287 1773 2362 periculo
1803 2294 1924 2343 coi·-

230 2369 340 2440 ripi
375 2384 436 2422 ac
471 2365 588 2421 tolli
626 2382 737 2419 non
775 2363 988 2439 poffint.
1103 2363 1227 2419 Nec
1260 2362 1528 2438 approbat
1564 2378 1775 2423 autem,
1820 2377 1929 2429 nee·

228 2443 424 2498 tolerat
452 2456 697 2514 unquam
732 2438 953 2496 haerefin
985 2439 1042 2495 in
1074 2437 1191 2494 sinu
1225 2437 1351 2501 suo,
1387 2454 1477 2494 tan
1517 2455 1645 2494 uam
1677 2436 1782 2494 tale
1807 2449 1924 2492 tan-

233 2511 464 2590 tumque
491 2518 697 2573 crimen
713 2547 731 2579 ‚
767 2513 921 2592 quod
954 2530 1086 2572 cum
1115 2511 1370 2586 eiusdem
1403 2513 1476 2572 do
1562 2511 1647 2573 inz'i
1683 2509 1924 2567 authori-

1677 2599 1845 2644 tatem
