2144 2852
779 199 951 282 ‘³303
996 203 1160 280 )0(
1206 203 1380 285 ᾗῇ)
1824 202 1931 282 133

217 334 568 410 poenitentiae,
604 347 712 391 tam
766 332 996 393 heroicae
1037 337 1247 395 virtutis
1296 341 1440 396 viros
1477 333 1830 399 &mulieres
1869 339 1933 399 δι

214 411 310 486 ipsi
343 411 705 484 Antagonistae
749 410 1096 482 protulerint,
1129 418 1191 475 δε
1227 415 1413 492 aequali
1447 413 1830 490 probationum
1869 416 1935 476 ὄε-
1970 465 1972 467 ,

212 502 660 563 argumentorum
689 487 887 544 robore
922 486 1266 549 ostenderint.

365 636 612 694 XXVIII.
648 637 758 712 Qu
790 636 952 703 vero,
982 654 1091 696 non
1124 641 1331 698 attentis
1366 654 1445 698 tot
1481 637 1766 696 illustribus
1800 639 1928 698 San·

213 710 400 769 &itatis
435 714 487 768 in
525 711 746 769 Ecclesia
780 713 1052 772 Catholica
1087 715 1376 791 exemplis,
1411 712 1592 788 potius
1629 715 1833 772 malunt
1872 719 1929 774 in

208 802 410 918 {ravos
441 787 671 845 aliorum
706 787 1139 855 Catholicorum,
1176 795 1239 852 &
1275 808 1342 848 ex
1393 789 1508 864 ipso
1551 790 1830 847 Ministerii
1869 809 1929 849 ae

261 861 558 938 piscopatfis
606 863 795 921 ordine
826 902 846 928 ‚
895 865 1007 922 imo
1055 866 1266 924 Summi
1318 861 1657 923 Pontificatfis
1697 868 1928 930 vertice,

209 939 591 1012 improborum
639 957 821 997 mores
869 941 1057 999 oculos
1106 941 1228 999 suos
1263 942 1526 1017 conjicere
1565 957 1580 1012 3
1619 957 1701 997 nae
1737 942 1770 997 ii
1808 941 1929 999 sane

205 1012 363 1070 livori
386 1014 582 1089 magis,
605 1014 768 1091 quam
790 1019 992 1074 veritati
1018 1016 1068 1074 se
1095 1016 1378 1093 indulgere
1392 1054 1410 1080 ,
1431 1015 1730 1074 luculenter
1753 1018 1930 1075 osten·

205 1087 349 1147 dant.
421 1089 611 1148 Donec
645 1108 806 1148 erunt
839 1092 1114 1158 homines,
1150 1108 1310 1151 erunt
1342 1096 1404 1154 &
1438 1092 1564 1148 vitia
1606 1095 1667 1152 &
1699 1109 1926 1165 peccata,

209 1180 372 1222 erunt
408 1164 625 1229 abusus,
662 1166 1088 1239 superstitiones,
1135 1167 1523 1226 immoderatus
1561 1168 1824 1241 potestatis
1862 1173 1926 1229 δε

208 1239 537 1298 authoritatis
570 1239 694 1299 utut
716 1243 965 1316 legitimae
989 1244 1138 1308 usus,
1161 1240 1508 1302 innocentum
1543 1243 1928 1318 oppressiones,

207 1315 514 1378 calumniae,
551 1316 756 1394 aliaque
799 1317 1111 1393 hujusmodi
1144 1357 1162 1383 ‚
1211 1338 1332 1395 quae
1367 1319 1463 1377 sub
1503 1317 1608 1375 lolii
1665 1323 1727 1379 &
1787 1326 1926 1377 ziza-

205 1393 425 1449 niorum
475 1396 694 1449 nomine
743 1396 798 1450 in
837 1394 1129 1470 Evangelio
1187 1395 1531 1469 designantur
1571 1410 1585 1451 ε
1624 1394 1758 1450 mala
1812 1394 1926 1452 haec

206 1469 365 1523 etiam
402 1469 457 1523 in
498 1467 782 1526 Ecclesiam
832 1471 964 1527 vitio
1014 1471 1295 1526 hominurn
1341 1470 1493 1526 sacris
1552 1468 1926 1534 abutentium,

209 1544 274 1601 δε
307 1542 654 1615 quorundam
701 1544 976 1602 Pastorum
1010 1545 1290 1602 Christiani
1339 1544 1517 1617 gregis
1567 1542 1759 1599 desidia
1797 1546 1924 1600 irre-

205 1632 364 1693 pere,
387 1620 448 1677 &
483 1619 538 1672 in
571 1617 794 1675 Ecclesia
826 1619 929 1676 effe
959 1619 1213 1693 possunt3
1255 1618 1343 1674 sed
1373 1615 1611 1674 Ecclesiae
1646 1618 1778 1674 mala
1812 1636 1924 1677 non

205 1690 329 1749 sunt
354 1727 370 1753 ‚
419 1708 518 1748 nec
558 1690 803 1749 officiunt
852 1694 1095 1765 eiusdem
1142 1693 1407 1750 Sanstitati
1429 1730 1446 1755 ‚
1490 1690 1644 1765 cujus
1679 1692 1922 1752 dofi‘trina

207 1771 272 1831 &
301 1783 566 1841 praecepta
602 1767 870 1841 puriffima
910 1767 1120 1842 semper
1149 1765 1374 1826 fuerunt
1403 1772 1465 1828 &
1495 1769 1740 1825 invariata
1765 1811 1780 1838 ‚
1821 1787 1920 1827 nec

207 1841 399 1918 justam
433 1842 737 1901 schismatis
771 1859 863 1900 aut
900 1842 1212 1901 defectionis
1246 1842 1417 1900 ansam
1459 1841 1714 1915 praebent.
1798 1843 1921 1902 Nec

204 1917 612 1981 Sacerdotium,
647 1936 746 1975 nec
778 1917 1006 1976 Ecclesia
1041 1936 1263 1994 propter
1293 1917 1706 1976 inordinationes
1740 1917 1921 1976 Sacer-

205 1994 401 2054 dotum
454 1998 515 2056 &
542 1993 943 2052 Catholicorum
976 1995 1155 2052 minus
1190 1994 1309 2052 sunt
1334 1993 1552 2051 Ecclesia
1576 1996 1636 2054 &
1660 1994 1918 2052 Sacerdo-

206 2071 345 2127 tium
376 2068 522 2144 JEsu
552 2069 744 2127 Christi
781 2087 798 2143 3
834 2069 1298 2146 quemadmodum
1336 2074 1397 2131 ὃ(
1442 2067 1732 2125 duodecim
1772 2070 1917 2144 Apo-

206 2143 322 2202 stoli
357 2161 467 2201 non
505 2143 812 2203 desinebant
849 2162 1072 2221 propter
1106 2145 1310 2221 Judam
1353 2144 1454 2201 esse
1493 2143 1797 2218 Collegium
1836 2146 1918 2203 A-

206 2217 542 2294 postolicum.
620 2221 770 2278 Deus
805 2221 947 2278 certe
979 2225 1032 2278 in
1067 2219 1392 2296 imperfeffis
1433 2220 1624 2281 etiam,
1648 2237 1807 2295 atque
1839 2221 1917 2278 in-

208 2293 384 2365 dignis
426 2294 641 2350 Vicariis
688 2313 748 2352 ac
782 2297 1034 2354 Ministris
1068 2296 1214 2354 suam
1250 2294 1622 2353 authoritatem
1661 2312 1786 2350 cum
1835 2313 1916 2352 re-

206 2368 446 2426 verentia
472 2367 689 2442 respici,
716 2369 1092 2447 observarique
1125 2371 1339 2429 mandat
1375 2370 1515 2443 juxta
1554 2369 1683 2426 illud
1716 2371 1915 2429 Matth.

207 2464 282 2502 23.
321 2461 378 2499 v.
416 2445 611 2509 2.&3.
685 2447 900 2520 „Super
927 2447 1252 2505 Cathedram
1277 2445 1477 2519 Moysis
1505 2444 1752 2502 sederunt
1775 2446 1914 2505 Scri·

206 2518 324 2588 „bae
354 2521 416 2582 ὅτ.
445 2518 712 2595 Pharisae1'3
747 2524 925 2589 omma
961 2540 1297 2656 quaecunque
1327 2520 1560 2603 dixerint·
1589 2519 1778 2593 vobis,
1808 2518 1912 2590 ser-⁴·

1096 2613 1127 2672 3
1719 2613 1841 2654 vate
