2144 2852
251 232 364 295 132
834 213 1010 295 aaa&
1055 215 1224 296 )0(
1268 213 1444 296 »ἕνῇ

249 345 379 405 dem
417 344 493 404 est
523 343 996 420 diligentia2tanta
1029 346 1318 416 accuratio,
1352 366 1478 424 quae
1525 348 1580 405 in
1614 341 1780 407 causss
1819 349 1957 424 eius·-

247 421 398 481 modi
447 422 692 496 aliquos,
737 426 831 500 qui
884 427 1022 483 inter
1055 441 1154 481 nos
1190 427 1450 488 vixerint,
1481 424 1766 482 Beatorum
1799 425 1966 483 Coeli-

249 513 368 556 tum
409 498 665 572 Catalogo
713 499 1041 558 adscribendi
1087 499 1375 558 adhibetur
1400 539 1414 563 ,
1465 515 1556 564 ut,
1606 499 1699 558 etsi
1735 500 1961 576 praesens

242 573 492 648 fingulari
541 577 744 632 ratione
781 576 926 634 Deus
963 593 1073 632 non
1106 575 1231 634 effet
1257 615 1272 640 ,
1324 574 1557 633 humana
1591 591 1766 633 tamen
1801 576 1959 635 indu·

246 650 368 706 stria
405 645 646 706 sufficere
676 650 955 710 videretur
985 650 1049 709 ad
1081 668 1301 710 omnem
1338 654 1644 727 cuicunque
1688 668 1799 709 non
1827 668 1959 710 con-

247 727 472 787 tumaci,
511 741 602 782 aut
640 729 924 785 temerario
955 732 1017 790 &
1051 724 1263 785 effronti
1296 727 1684 785 dubitationem
1720 729 1958 785 eximen-

246 799 400 864 dam,
429 804 493 860 &
530 801 857 874 prudentem
890 803 1286 867 credulitatem,
1324 803 1392 860 de
1433 820 1542 877 qua
1587 801 1692 860 sola
1729 801 1819 860 hic
1849 805 1958 878 agi-

243 893 363 940 tur,
392 875 775 935 conciliandam
801 896 817 952 3
857 896 965 937 tam
998 879 1165 937 multa
1199 879 1319 936 sunt
1357 881 1597 935 examina
1618 880 1776 936 etiam
1798 879 1854 935 in
1873 878 1957 955 ju-

243 950 386 1008 dicio
416 952 831 1012 contradictorio
863 972 963 1030 per
1002 953 1365 1030 complurium
1400 970 1696 1016 annorum,
1727 951 1840 1009 imo
1871 955 1958 1012 in-

243 1043 525 1100 tegrorum
556 1046 669 1086 non
707 1035 827 1087 raro
861 1030 1176 1088 saeculorum
1217 1028 1504 1088 decursum
1536 1029 1867 1092 continuata,
1901 1030 1957 1086 in

243 1103 442 1176 quibus
472 1102 604 1160 nihil
652 1106 866 1178 prorsus
900 1106 1278 1169 diffimulatur‚
1312 1104 1465 1181 quod
1495 1120 1590 1162 aut
1622 1106 1846 1161 virtutes
1893 1103 1956 1160 il-

242 1176 425 1234 lorum
459 1194 520 1233 ac
558 1178 696 1235 bene
727 1183 870 1254 gesta
908 1182 1144 1245 elevare,
1179 1197 1270 1239 aut
1307 1197 1500 1238 eorum
1534 1179 1875 1253 probationes
1895 1196 1957 1236 ac

244 1252 539 1308 testimonia
587 1270 843 1310 enervare
881 1256 1131 1330 possunt,
1169 1271 1308 1312 tanta
1348 1255 1620 1313 actionum
1655 1256 1708 1309 in
1745 1257 1958 1327 integro

240 1325 490 1401 processu
525 1327 953 1387 Canonizationis
999 1329 1224 1386 solennis
1266 1332 1670 1386 obvenientium
1712 1329 1958 1386 multitu-

244 1400 349 1464 do,
382 1406 444 1462 δε
476 1402 851 1462 ordinatiffima
883 1403 1179 1479 dispositio3
1210 1421 1271 1462 ut
1304 1406 1497 1461 veritas
1529 1404 1771 1460 humano
1795 1405 1954 1462 etiam

245 1475 417 1534 modo
454 1474 645 1552 fugere
677 1479 862 1537 oculos
899 1479 1194 1543 Pontificis‚
1230 1479 1666 1553 tantaeque,quae
1688 1495 1814 1535 cum
1838 1478 1955 1553 ipso

244 1551 350 1614 est,
373 1551 771 1619 Cardinalium,
798 1552 1192 1629 Episcoporum
1232 1559 1296 1616 &
1324 1554 1628 1614 Donorum
1670 1554 1838 1610 turbae
1862 1554 1954 1611 vix

244 1626 403 1702 possit
434 1643 450 1699 3
487 1628 723 1703 indeque
759 1627 952 1688 frustra
976 1627 1224 1705 profecto
1248 1629 1377 1694 sint,
1412 1633 1475 1690 &
1502 1646 1726 1686 omnem
1764 1627 1956 1689 huma-

242 1719 371 1760 nam
410 1702 574 1761 fidem
604 1705 876 1763 eliminare
922 1705 1235 1769 videantur,
1268 1707 1362 1782 qui
1413 1722 1600 1762 omnes
1639 1704 1748 1762 illas
1785 1707 1952 1762 virtu·

243 1795 321 1835 tes
354 1778 590 1836 heroicas
639 1796 893 1857 tanquam
926 1780 1265 1855 hypocrises,
1294 1796 1388 1839 aut
1424 1777 1573 1838 falsas
1629 1781 1953 1838 narrationes

245 1853 566 1918 traducunt,
597 1854 726 1912 nihil
769 1871 947 1913 tamen
977 1854 1236 1920 afferunt,
1260 1874 1375 1932 quo
1404 1855 1458 1912 id
1484 1855 1716 1930 probent
1749 1860 1810 1916 &
1833 1869 1951 1913 tan-

245 1930 286 1986 ti
317 1931 566 1987 examinis
597 1930 760 1988 fidem
791 1948 1029 1989 evertant
1047 1969 1068 1995 ‚
1095 1931 1190 1988 nisi
1218 1931 1369 2007 quod
1404 1930 1506 1989 suis
1549 1930 1748 2005 placitis
1780 1945 1949 2004 repu-

245 2019 447 2079 gnent,
477 2023 568 2063 aut
601 2009 761 2082 genio
789 2022 898 2063 non
933 2006 1214 2064 arrideant.
1287 2005 1448 2063 Certe
1478 2004 1597 2063 haec
1626 2006 1804 2061 omnia
1836 2020 1951 2060 ma-

242 2081 419 2156 jorem
451 2079 630 2139 saltem
663 2087 726 2144 &
757 2080 1239 2154 incomparabiliter
1266 2080 1677 2155 prudentiorem
1713 2077 1950 2137 sanctita·

243 2157 310 2214 tis
331 2158 761 2217 existimationem
791 2155 1163 2232 publicam‚&
1198 2169 1279 2212 tot
1300 2153 1565 2227 tantisque
1595 2153 1811 2211 testibus
1830 2171 1948 2212 om-

242 2234 299 2290 ni
347 2235 660 2308 exceptione
709 2230 998 2308 majoribus
1053 2229 1315 2286 firmatam
1370 2228 1612 2286 Ecclefiae
1657 2228 1947 2300 Catholicae

243 2325 357 2382 prae
395 2310 647 2369 omnibus
693 2309 798 2366 aliis
837 2305 1183 2385 Societatibus
1214 2309 1276 2366 &
1321 2304 1545 2363 coetibus
1583 2301 1843 2368 fundant,
1883 2309 1947 2367 δι

242 2383 314 2440 fic
345 2385 650 2442 evidentem
685 2384 757 2441 illi
786 2381 935 2440 velut
963 2398 1105 2438 verae
1145 2382 1238 2438 uni
1272 2385 1333 2442 δι
1363 2380 1711 2440 immaculata
1745 2379 1944 2438 Christi

242 2459 458 2532 Sponsae
495 2458 896 2517 credibilitatem
933 2454 1249 2519 conciliant,
1287 2457 1456 2533 usque
1490 2456 1626 2513 dum
1671 2471 1780 2513 tam
1815 2472 1945 2529 pro-

242 2536 377 2594 batae
414 2535 690 2603 castitatis,
735 2549 843 2594 tam
881 2530 1095 2592 insolitae
1144 2535 1528 2608 temperantiae,
1568 2548 1678 2589 tam
1725 2531 1946 2600 austera

1697 2619 1873 2680 poem-.-
