2144 2852
250 205 365 263 234
807 186 986 267 ’ᾗῇ
1032 189 1062 263 >
1099 209 1138 249 0
1175 194 1203 266 (
1240 187 1422 277 -ῑᾷϋῇ

249 320 464 376 stiment
489 356 504 380 ‚
553 318 687 376 dum
716 319 821 394 ipsi
864 321 1144 396 Inquifitos
1177 325 1361 380 mortis
1388 339 1549 390 reos,
1587 323 1843 413 quamvls*
1868 322 1963 386 sub

248 395 346 461 alia
383 394 678 452 verborum
716 395 950 454 formula
972 416 995 473 3:
1026 401 1260 465 solvatur
1292 417 1472 473 carne,
1509 402 1655 474 prius
1684 399 1964 474 declarant,

248 475 416 546 quam
452 470 630 528 Curiae
683 470 912 529 saeculari.
946 474 1222 531 eXtradant
1263 492 1278 546 3
1320 474 1481 550 atque
1532 474 1748 550 adjungi
1796 474 1968 548 solita,

248 546 509 606 evitandae
548 547 948 620 Irregularitatis
987 549 1190 612 causa,
1218 550 1444 616 illorum,
1485 552 1870 624 protestatio&
1893 554 1970 624 in·

218 628 221 630 ’
246 621 488 679 terceffio
525 622 593 678 de
630 627 775 696 praxi
808 625 1025 682 illorum
1054 625 1188 683 adeo
1218 628 1271 685 in
1293 628 1885 700 meramceremoniam
1905 626 1966 696 &

245 694 621 754 formalitatem
658 700 812 763 abiit,
851 718 910 758 nt
946 720 1014 758 ne
1048 700 1249 761 attendi
1283 702 1503 777 quidem
1531 702 1683 775 poffit
1709 701 1737 758 ἓ
1766 698 1968 776 JudiCe

245 773 507 837 saeculari,
547 773 633 832 sed
674 776 758 833 vel
790 776 1134 850 censurarum
1174 781 1588 854 comminatione
1618 776 1968 851 adigaturiad

247 866 465 925 poenam
503 850 642 908 illam
686 852 968 910 necessario
1003 852 1380 928 infligendam,
1416 872 1540 929 quae
1587 853 1812 931 quidem
1862 870 1968 928 pro

245 929 504 999 gravitate
540 931 602 989 &
636 930 954 986 enormitate
988 929 1165 987 delicti
1203 947 1305 1004 pro
1337 932 1493 987 variis
1523 931 1846 1004 pcenitentiae
1872 943 1967 988 aut

245 1003 648 1073 impoenitentiae
669 1005 926 1077 gradibus
951 1005 1223 1062 interdum
1249 1008 1449 1068 mitior,
1463 1011 1522 1068 &
1545 1004 1819 1062 interdum
1837 1006 1966 1072 acri-

247 1094 313 1133 or
338 1075 610 1149 infligitur,
625 1081 732 1153 ipsa
756 1097 932 1137 tamen
951 1084 1181 1143 interim,
1197 1078 1258 1138 ut
1278 1082 1445 1158 ajunt,
1465 1080 1790 1155 aggratiandi
1804 1077 1969 1137 facul-

248 1169 356 1219 tate
379 1153 603 1226 Principi
638 1155 894 1228 denegata
926 1162 987 1219 ὃς
1019 1157 1308 1218 interdiEta.
1379 1152 1625 1216 Offendit
1657 1156 1968 1230 complures

246 1226 484 1284 insolitus
508 1228 682 1285 illein
716 1231 1042 1302 procedendi
1077 1233 1245 1289 modo
1272 1235 1451 1307 rigor,
1479 1234 1575 1306 qui
1603 1233 1692 1288 vix
1716 1235 1770 1288 in
1802 1229 1967 1289 saecu-

245 1300 445 1359 laribus
477 1303 701 1377 Judiciis
734 1303 989 1362 adversus
1021 1307 1788 1379 graviffimorum'criminum‚
1813 1306 1966 1362 Rem-

246 1378 521 1452 pinlicam
556 1380 784 1438 maxime
811 1380 1142 1438 turbantium
1162 1400 1315 1445 ‚reos
1351 1383 1583 1438 exerceri
1612 1380 1769 1436 soleat
1787 1397 1803 1452 3
1843 1381 1965 1437 Nec

246 1450 428 1509 minus
465 1456 524 1510 iis
556 1454 793 1528 displicet
832 1457 1019 1519 nimia,
1056 1452 1220 1530 quam
1254 1457 1510 1517 credunt,
1544 1457 1596 1511 in
1634 1454 1963 1529 proceffibus

247 1526 506 1585 adversus
529 1528 791 1603 suspectos
813 1530 1067 1590 duntaxat
1092 1531 1438 1590 decernendis
1461 1529 1677 1588 facilitas
1691 1565 1707 1593 ‚
1742 1529 1850 1605 qua
1872 1547 1967 1587 an-

246 1601 357 1663 sam
395 1604 668 1664 malevolis
704 1611 764 1667 &
800 1605 1231 1682 pseudopoliticis
1291 1607 1598 1665 hominibus
1645 1605 1756 1664 dari
1808 1623 1965 1663 autu-

248 1697 425 1742 mant,
449 1683 693 1738 virorum
730 1685 1203 1756 integerrimorum
1223 1681 1419 1741 famam
1457 1681 1554 1738 sub
1583 1680 1818 1755 specioso
1842 1681 1966 1745 zeli,

247 1758 486 1831 pietatis,
506 1761 566 1818 &
584 1756 866 1831 Religionis
901 1775 1160 1830 praetextu
1192 1757 1669 1832 proscindendi‚&
1689 1756 1966 1815 calumniis

248 1832 606 1923 persequendi
633 1850 650 1904 3
685 1832 1015 1890 [candalizari
1051 1832 1275 1891 demum
1306 1833 1357 1891 se
1389 1832 1615 1889 afferunt
1634 1871 1647 1894 ‚
1677 1831 1876 1888 insolita
1899 1832 1964 1888 il-

248 1907 299 1964 la
333 1908 480 1964 afi'tus
516 1907 869 1983 fidei‚.quem
903 1909 1201 1982 appellant,
1240 1909 1566 1967 solemnitate
1601 1925 1661 1964 ac
1697 1907 1964 1964 ostentati-

246 1996 385 2045 one,
421 1982 525 2057 qufi
557 1980 761 2041 funesta
794 1987 855 2045 &
879 1986 1071 2057 tragica
1109 1984 1426 2042 miserorum
1463 1985 1754 2040 errantium
1787 1981 1961 2040 clades

248 2060 304 2114 in
349 2058 706 2132 spectaculum
758 2060 1091 2135 reliquorum
1125 2061 1178 2116 in
1226 2060 1478 2132 Hispania
1526 2059 1851 2120 maximum,
1899 2073 1961 2117 ac

249 2134 530 2211 triumpho
561 2133 675 2192 fere
706 2134 868 2193 simile
897 2136 1140 2194 converti
1176 2136 1438 2194 videatur.

402 2282 626 2342 XXVII.
664 2283 831 2358 Quod
861 2299 1040 2342 autem
1066 2283 1135 2341 de
1163 2283 1269 2342 hoc
1289 2282 1575 2344 Tribunali
1605 2279 1963 2348 sentiendum,

249 2358 307 2415 id
342 2377 506 2417 omne
537 2365 597 2421 ὅ(
621 2378 798 2417 totum
827 2362 926 2422 est,
960 2360 1112 2435 quod
1145 2361 1386 2434 ejusdem
1423 2361 1675 2417 institutio
1709 2376 1775 2415 ex
1811 2361 1960 2433 prin-

250 2438 396 2508 cipiis
437 2433 690 2497 hactenus
725 2435 877 2493 dictis
909 2436 974 2492 ad
1011 2435 1171 2492 solam
1211 2436 1445 2492 Politiam
1482 2451 1752 2495 excernam
1786 2451 1845 2491 ac
1876 2433 1961 2490 di-

251 2508 523 2586 sciplinam
571 2514 867 2589 pertineat,
899 2516 963 2574 ὃς
1000 2510 1061 2570 fit
1095 2510 1340 2572 medium
1378 2511 1658 2589 quoddam
1696 2506 1958 2597 recentius

1695 2597 1885 2641 inven-
