2144 2852
735 185 1350 266 ogaogamwssmia
1790 200 1904 260 277

192 318 393 379 fultum
430 317 696 377 ducimus.
807 319 1156 394 Quapropter
1191 321 1443 395 Princeps
1477 318 1700 376 eandem
1733 319 1907 376 indul-

194 396 376 472 gendo
414 397 572 452 certis
607 394 1004 469 Religionibus,
1039 414 1378 472 nequaquam
1423 412 1507 452 eas
1548 395 1694 452 velut
1729 412 1910 460 veras,

196 472 454 530 divinitus
487 471 768 533 revelatas,
794 469 1066 535 salvificas,
1086 476 1148 534 &
1179 474 1246 529 ad
1273 472 1489 529 salutem
1526 472 1680 546 aeque
1712 470 1904 546 perdu-

195 564 376 606 centes
406 546 696 622 approbat,
721 545 808 602 sed
844 563 1097 622 tanquam
1131 545 1302 611 falsas,
1325 552 1387 608 &
1418 564 1662 604 erroneas
1698 549 1750 603 in
1786 544 1904 604 fun-

199 623 273 680 do
312 622 489 681 cordis
519 624 676 679 etiam
718 622 1001 695 improbat.
1075 624 1215 680 Eum
1253 622 1424 681 solum
1461 622 1598 680 diae
1635 622 1906 680 tolerantia

197 698 358 762 habet
380 694 634 755 effefitum
651 712 740 760 ,ut
763 697 928 755 libere
949 701 1285 773 permittatur
1309 697 1520 772 publica
1548 699 1756 755 illarum
1777 715 1905 771 pro-

199 772 349 831 feffio
378 777 440 834 ὃ(
471 773 642 831 cultus
661 789 940 835 externus,
977 791 1077 831 nec
1114 775 1231 832 ullis
1269 776 1467 849 poenis,
1490 791 1581 831 aut
1616 775 1904 830 vexationi-

199 851 302 908 bus
332 853 388 906 in
427 849 547 906 alias
578 847 870 922 Religiones
906 866 1016 905 non
1056 850 1297 909 toleratas
1326 850 1465 925 Jure
1496 851 1774 907 communi
1806 849 1904 906 sta-

200 928 324 984 tutis
343 923 689 997 impediatur:
708 922 1060 982 Subditorum
1084 926 1217 983 vero
1241 925 1568 984 conscientiae
1586 924 1716 982 illud
1729 965 1743 988 ,
1756 923 1908 1000 quod

200 1002 261 1059 ea
284 998 606 1076 profeffione
640 999 902 1062 subeunt,
934 1003 1237 1058 animatum·
1278 1002 1579 1076 periculum
1618 1001 1910 1061 committi-

200 1093 324 1139 tur,
355 1093 415 1133 ac
438 1075 578 1132 utilis
609 1075 695 1131 illa
732 1074 1020 1148 Principis,
1046 1077 1261 1134 eosdem
1299 1077 1600 1135 salutarium
1625 1093 1907 1150 poenarum

199 1166 406 1209 terrore
438 1150 505 1207 ad
529 1152 736 1208 unicam
763 1167 944 1207 veram
972 1153 1285 1222 regocandi,
1310 1169 1435 1210 cura
1461 1168 1525 1207 ex
1546 1151 1686 1225 Jure
1715 1151 1908 1209 Advo-

199 1228 344 1284 catiae
386 1223 696 1299 profluens,
731 1243 792 1282 ac
834 1225 1204 1287 authoritativa
1237 1228 1522 1303 severaque
1573 1226 1910 1287 subditorum

200 1303 419 1361 charitas
441 1300 631 1359 sistitur
668 1319 728 1360 ac
756 1300 1075 1362 vinculatur.
1771 1304 1777 1307 “

326 1452 524 1509 XXIX.
562 1452 781 1509 Interim
813 1450 938 1510 cum
981 1457 1042 1513 &
1078 1452 1168 1509 ista
1207 1451 1326 1511 suos
1361 1452 1557 1527 gradus
1599 1450 1906 1522 habeat3eo

201 1526 369 1602 usque
404 1531 560 1583 etiam
593 1527 792 1600 absque
830 1543 1178 1600 peccato‚aut
1213 1528 1363 1594 alieni
1399 1530 1596 1601 peccati
1632 1528 1910 1600 participa-

202 1606 373 1666 tione,
394 1601 625 1659 evidenti
649 1600 928 1673 Religionis
959 1620 1099 1658 verae
1132 1596 1424 1659 neceffitate
1451 1601 1521 1658 ita
1540 1603 1906 1675 exigente‚in-

202 1679 412 1753 dulgeri
451 1682 511 1737 &
546 1675 616 1733 ita
653 1674 938 1749 qualificari
971 1675 999 1731 a
1037 1676 1275 1748 Principe
1310 1679 1534 1751 poterit,
1572 1694 1632 1733 ut
1681 1675 1910 1747 Religio-

203 1771 298 1812 nes
328 1769 566 1810 erroneae
601 1750 702 1807 hac
728 1767 956 1824 receptae
990 1768 1053 1807 ex
1090 1769 1246 1826 aequo
1278 1769 1405 1808 eum
1440 1752 1551 1814 illa,
1588 1770 1708 1824 quae
1733 1750 1849 1808 alias
1878 1750 1909 1807 ὃ

204 1830 448 1902 Principe
484 1843 733 1901 tanquam
776 1843 901 1882 vera
939 1827 1267 1900 approbatur
1304 1828 1360 1882 in
1411 1826 1697 1901 Republica
1737 1830 1797 1888 &
1827 1823 1911 1882 fo-

204 1920 394 1965 vetur,
421 1902 558 1977 Jura
591 1903 766 1958 omnia
797 1939 814 1963 ‚
851 1900 962 1958 imo
1001 1906 1064 1962 &
1113 1901 1388 1976 privilegia
1426 1903 1573 1976 ,Juris
1608 1903 1908 1958 communis

204 1981 553 2056 participent,
590 1981 652 2037 &
685 1979 738 2032 in
773 1973 970 2034 effectu
1003 1977 1152 2051 Juris
1187 1980 1300 2052 pari
1341 1976 1559 2052 prorsus
1595 1976 1741 2051 passu
1780 1993 1908 2033 cum

201 2055 393 2113 eadem
428 2052 747 2115 ambulent,
786 2067 877 2114 ut,
912 2051 1061 2126 quod
1099 2069 1242 2109 verae
1280 2053 1532 2126 Religioni
1566 2051 1722 2126 ipsius
1761 2053 1910 2109 Prin-

205 2132 378 2203 cipis,
424 2127 552 2185 inde
590 2127 881 2184 dominanti
916 2127 1071 2185 diaae
1100 2164 1120 2190 ‚
1167 2146 1386 2203 aequum
1427 2128 1535 2192 est,
1573 2134 1636 2189 &
1675 2126 1908 2185 toleratis

207 2204 473 2277 eiusmodi
495 2203 766 2260 censeatur
782 2202 994 2275 justum.
1034 2202 1296 2278 Qiamvis
1324 2205 1464 2260 enim
1490 2219 1779 2260 memorata
1794 2202 1908 2260 haec

205 2279 454 2338 falsarum
479 2296 604 2335 cum
631 2279 783 2333 unica
814 2295 939 2334 vera
966 2280 1018 2334 in
1043 2279 1293 2335 omnibus
1327 2278 1614 2353 parificatio
1645 2278 1909 2353 approba-

207 2357 364 2412 tionis
394 2354 588 2426 species
621 2352 865 2427 quaedam
902 2371 1009 2410 non
1045 2355 1244 2410 nemini
1278 2354 1472 2412 merito
1507 2354 1678 2411 videri
1720 2353 1904 2429 poffit3

208 2430 324 2486 haec
352 2427 460 2503 ipsa
490 2444 665 2486 tamen
703 2428 881 2485 rursus
914 2427 1137 2486 effecius
1170 2429 1373 2494 civiles,
1406 2427 1640 2488 forenses
1677 2434 1740 2491 δε
1768 2428 1904 2503 poli-

207 2508 339 2563 ticos
398 2507 711 2580 neutiquam
760 2504 1038 2636 excedit&
1065 2504 1134 2561 ad
1189 2502 1373 2563 forum
1441 2503 1574 2563 vero
1632 2508 1906 2577 internum

1060 2597 1116 2635 m
1160 2594 1189 2650 3
1741 2598 1830 2638 ne-
