2144 2852
246 211 324 258 22
791 194 964 276 aaa
1010 198 1111 272 >0
1148 197 1191 272 ς.
1221 192 1409 274 aaa

391 325 479 384 XI.
520 323 629 383 Ubi
667 325 799 383 vero
832 327 1125 384 certiffimis'
1154 327 1357 385 indiciis
1388 325 1783 400 cognoscimus,
1815 327 1955 387 Reli-

244 404 462 478 gionem
502 401 686 464 illam,
737 420 857 476 quae
910 404 1061 460 nobis
1118 419 1374 477 tanquam
1422 402 1674 459 divinitus
1722 404 1957 461 revelata»

244 479 504 540 traditur,
543 494 726 533 revera
760 478 916 534 talem
948 479 1076 541 esse,
1110 483 1170 539 δ(
1205 479 1448 534 homines
1477 495 1594 534 eam
1634 479 1898 537 tradentes
1919 479 1958 536 ἃ
2020 487 2023 489 ’

245 554 436 609 Divina
462 551 699 608 miffione
719 554 1024 612 authoratos
1047 552 1174 625 effe3
1192 571 1310 611 tum
1329 553 1611 628 prudentis
1631 553 1707 610 est
1731 556 1957 630 conqui-⁴

247 629 448 690 escere,
484 645 582 683 nec
631 625 855 686 ulterius
889 629 971 687 illa
1023 629 1335 687 dubitationi
1372 627 1684 702 exponenda
1731 630 1834 692 est,
1866 645 1959 687 aut

247 705 313 760 ad
347 720 566 760 examen
600 704 911 760 revocanda.
996 705 1057 761 Id
1086 704 1292 761 tantbm
1329 705 1479 760 Ratio
1516 703 1606 760 sibi
1646 710 1763 760 tum
1799 705 1960 762 licere

251 781 398 842 sciet,
419 781 660 851 excipere
697 779 782 841 id,
813 778 962 855 quod
992 779 1323 836 credendum
1347 780 1421 835 est
1439 818 1454 841 ,
1487 783 1548 838 &
1579 778 1854 852 explorare
1881 796 1962 836 ar-

252 870 543 929 gumenta,
589 870 710 927 quae
743 871 985 911 mentem
1025 858 1246 923 invitant
1281 854 1346 911 ad
1378 854 1707 910 credendum
1727 891 1745 917 ‚
1776 873 1836 912 ea
1874 873 1964 912 re-

247 929 461 992 fellere,
492 947 614 1004 quae
650 929 939 988 absterrent
986 929 1016 986 a
1055 930 1352 992 credendo,
1393 934 1453 989 &
1487 932 1669 986 omnia
1704 928 1824 986 fidei
1861 933 1963 998 imq

251 1006 559 1081 pedimenta
605 1022 901 1061 removere.
977 1004 1046 1061 Et
1080 1005 1148 1063 sic
1183 1005 1536 1076 dubitationes
1575 1009 1637 1064 &
1683 1004 1966 1062 dubitandi

251 1079 455 1142 causas,
489 1079 684 1155 quibus
719 1078 850 1135 fides
876 1080 1110 1139 ,convelli
1134 1080 1329 1154 possit,
1368 1079 1535 1135 nullas
1569 1079 1792 1153 amplius
1811 1082 1964 1137 Ratio

251 1156 511 1213 admittet.
588 1153 648 1209 Id
687 1153 840 1229 quod
874 1155 944 1211 de
980 1154 1246 1229 Religione
1277 1155 1568 1211 Christiana
1603 1153 1800 1212 fatetur
1835 1155 1963 1212 Ter-s

253 1230 357 1289 tull.
385 1230 465 1286 lib.
482 1228 541 1283 de
557 1227 819 1303 praescript.
833 1248 874 1286 c.
887 1247 932 1287 8.
1005 1269 1036 1293 „
1055 1231 1232 1300 Nobis
1265 1229 1560 1287 curiositate
1583 1247 1719 1304 opus
1742 1249 1850 1288 non
1883 1231 1963 1288 esit

252 1307 410 1382 „post
424 1304 697 1362 Christum
715 1303 933 1380 Jesum,
952 1323 1050 1363 nec
1068 1306 1400 1382 inquisitione
1425 1306 1542 1380 post
1561 1305 1965 1381 Evangelium„

410 1453 528 1510 XII.
587 1454 911 1528 Qlanquam
942 1472 1053 1511 non
1095 1472 1258 1511 omne
1299 1454 1690 1511 dubitationum
1727 1462 1897 1528 genus
1933 1455 1966 1514 ὲ

257 1527 531 1603 Religione
552 1531 828 1586 etiamtum
850 1531 1223 1603 repellendum
1245 1531 1336 1586 est.
1377 1530 1474 1586 Eas
1493 1530 1714 1587 omnino
1740 1549 1846 1588 non
1875 1549 1966 1589 re-

256 1607 427 1680 spuit,
455 1622 578 1679 quae
597 1603 663 1661 ad
682 1602 731 1661 se
757 1604 1201 1669 confirmandam,
1231 1605 1588 1662 stabiliendam
1616 1610 1676 1665 &
1699 1598 1965 1664 illustran-

258 1683 383 1739 dam
408 1682 673 1753 pertinent
703 1683 765 1740 &
798 1679 1167 1754 suscipiuntur.
1241 1682 1348 1756 Qi
1381 1697 1693 1755 argumenta
1723 1681 1968 1739 dubitan-

261 1757 315 1814 di
352 1755 581 1828 colligit,
616 1754 703 1810 vel
742 1759 1005 1827 excogitat
1044 1756 1148 1812 hoc
1185 1759 1359 1815 animo
1382 1791 1398 1818 2
1436 1774 1497 1812 ut
1532 1775 1591 1812 ea
1630 1756 1868 1814 diffolvat
1903 1763 1967 1820 δε

261 1829 492 1891 refellat,
518 1829 797 1901 Religionis
830 1833 1107 1888 veritatem
1137 1836 1198 1891 &
1227 1834 1578 1905 integritatem
1617 1832 1683 1887 ab
1706 1832 1967 1890 Adversa·

259 1909 466 1963 riorum
516 1904 859 1977 petitionibus
896 1910 958 1964 &
1005 1910 1410 1979 oppugnatione
1447 1922 1615 1961 tutam
1656 1908 1890 1979 praestet,
1920 1909 1964 1965 is

257 1982 392 2039 adeo
427 1977 694 2051 Religione
729 1995 839 2034 non
874 1980 1101 2042 excidit,
1140 1998 1201 2036 ut
1233 1979 1283 2037 se
1317 1983 1369 2036 in
1404 1979 1591 2035 eadem
1624 1979 1804 2052 potius
1834 1999 1965 2039 con-

260 2056 438 2114 firmet
459 2090 472 2116 ‚
507 2052 725 2127 aliisque
761 2055 902 2109 viam
943 2055 1137 2110 sternat
1169 2054 1234 2110 ad
1284 2054 1508 2110 eandem
1533 2092 1550 2117 ‚
1599 2056 1901 2113 dummodo
1934 2057 1966 2115 a

259 2131 312 2188 se
335 2128 711 2189 certitudinem
733 2127 898 2190 illam,
922 2146 1082 2203 quam
1117 2146 1218 2202 pro
1242 2129 1546 2202 Religionis,
1569 2130 1620 2185 id
1645 2132 1743 2193 est,
1766 2132 1964 2189 doetri,

260 2227 343 2264 nae
374 2223 435 2262 ac
471 2205 635 2277 Legis
673 2209 703 2260 a
738 2203 858 2259 Deo
909 2204 1150 2260 revelatae
1188 2207 1407 2260 veritate
1449 2204 1568 2261 ante
1615 2216 1968 2282 conceperat,

264 2300 374 2339 non
413 2280 627 2355 rejiciat,
667 2283 728 2342 &
763 2279 1112 2337 instrumenta
1150 2278 1215 2336 ad
1254 2279 1398 2338 τεξὶὲ
1434 2279 1779 2355 judicandum
1819 2282 1967 2340 adbi-

263 2359 398 2416 beat.

1658 2503 1799 2563 xm.
1819 2504 1891 2565 Et
1955 2484 1963 2493 i
