2144 2852
786 138 1035 266 «ᾖξεν-Ἴ)
1069 206 1110 247 0
1141 177 1176 264 ‘c
1216 152 1299 266 §go
1313 135 1431 267 eg}
1854 152 1962 268 77*=
1998 290 2000 293 J

227 317 499 392 latitarem
538 310 669 383 ficut
699 334 802 377 nec
851 317 1039 377 eadem
1074 317 1225 377 causa
1259 318 1449 393 justam
1490 320 1665 379 cultfis
1695 317 1944 388 Confutii'

232 395 737 454 condemnationem
770 413 934 469 penes
972 394 1198 454 eandem
1245 396 1492 456 Sanfi'tam
1525 398 1724 458 Sedem
1759 415 1954 460 remo·

230 477 367 537 rari,
388 489 479 530 aut
500 473 760 548 impedire
793 473 985 547 potuit.
1243 503 1249 507 -

368 639 370 641 ·
398 624 468 682 X.
522 619 881 697 Quantumvis
909 621 1358 699 autem-semper,
1385 622 1444 679 δε
1469 625 1524 683 in
1557 622 1806 683 omnibus
1837 624 1939 680 cir-

230 699 556 756 cumstantiis
590 699 892 755 detestabile
926 701 1128 755 crimen
1154 698 1236 761 fit,
1273 701 1358 756 vel
1389 717 1571 756 veram
1610 700 1937 772 Religionem

229 789 452 848 negare,
487 773 573 830 vel
619 771 795 830 falsam
839 773 1107 849 profiteri,
1139 774 1250 830 imo
1290 779 1351 836 δε
1399 774 1641 832 (imulare
1673 773 1938 848 ejusmodi

228 850 391 926 signis
415 853 479 910 &
498 846 674 910 faffls‚
704 867 824 923 quae
861 849 944 906 vel
976 866 1042 905 ex
1079 865 1263 906 natura
1293 849 1406 912 sua,
1437 851 1521 906 vel
1553 866 1618 906 ex
1653 847 1936 922 Lege‚vel

228 925 612 984 consuetudine
653 927 770 982 (unt
802 924 944 998 figna
973 923 1252 997 Religionis
1286 925 1608 986 distinfi’civffi
1631 924 1789 985 &vad
1812 937 1936 997 pro·-

226 1000 483 1058 fiten'dam
516 996 690 1056 falsam
724 1000 1050 1073 Religionem
1077 1001 1347 1072 instituta3
1382 1017 1491 1057 non
1520 1005 1697 1057 tamen
1724 998 1937 1070 semper

224 1082 288 1138 ’δε
321 1080 373 1131 in
402 1076 651 1132 omnibus
674 1076 1070 1132 circumstantiis
1094 1074 1309 1148 ipsamet
1334 1093 1474 1132 verae
1504 1075 1783 1147 Religionis
1809 1091 1936 1149 pro·

225 1149 376 1208 feffio
406 1168 670 1225 praecepta
708 1152 811 1212 est,
845 1150 931 1207 sed
971 1153 1023 1206 in
1059 1153 1116 1206 iis
1149 1149 1403 1220 duntaxat
1438 1150 1663 1211 casibus,
1688 1151 1790 1206 ubi
1833 1149 1936 1205 ho-

227 1243 331 1284 nor
362 1226 494 1288 Dei,
526 1225 765 1283 Ecclefiae
801 1226 991 1283 utilitas
1024 1229 1085 1286 &
1115 1224 1248 1280 salus
1288 1228 1502 1299 propria
1529 1230 1587 1286 &
1622 1226 1850 1300 proximi
1878 1223 1935 1281 id

225 1305 417 1377 exigit,
448 1301 666 1376 quando
707 1299 962 1357 nimirum
996 1302 1349 1374 interrogatus
1384 1301 1453 1358 de
1494 1300 1599 1357 fide
1629 1304 1935 1362 taceret2&

223 1394 292 1435 cx
326 1380 430 1434 hoc
462 1378 663 1433 silentio
694 1377 1005 1436 crederetur
1035 1374 1119 1431 vel
1150 1393 1258 1431 non
1293 1377 1492 1433 habere
1525 1393 1705 1432 veram
1741 1375 1936 1441 fidem,

223 1453 310 1508 vel
348 1453 486 1509 illam
511 1449 688 1508 falsam
720 1469 1010 1525 reputare,
1033 1468 1125 1507 aut
1148 1450 1229 1506 alii
1261 1468 1359 1524 per
1382 1451 1497 1524 ejus
1528 1454 1933 1508 taciturnitatem
1998 1499 2001 1501 Α

226 1543 597 1583 averterentur
628 1527 659 1582 ἃ
690 1545 816 1583 vera
847 1526 979 1590 fide,
1017 1542 1108 1582 aut
1147 1542 1370 1597 propter
1408 1525 1710 1583 [candalum
1744 1529 1798 1582 in
1834 1541 1933 1599 pe-

221 1601 398 1661 riculo
432 1600 711 1659 deficiendi
747 1603 813 1659 ab
848 1601 1037 1659 eadem
1069 1598 1421 1657 versarentur.

353 1749 447 1806 XI.
487 1748 647 1806 Extra
683 1746 776 1805 has
811 1748 1223 1807 circumstantias
1254 1747 1470 1807 econtra
1516 1744 1734 1821 ipsamet
1765 1744 1933 1821 gloria

223 1823 359 1886 Dei,
391 1826 580 1882 utilitas
608 1824 913 1898 Religionis,
937 1830 996 1884 &
1031 1824 1296 1887 Ecclesiae,
1328 1843 1388 1881 ac
1427 1823 1557 1880 salus
1583 1825 1810 1896 proximi
1840 1821 1931 1876 sae-

222 1897 346 1975 pius
380 1899 701 1974 prudentem
739 1905 800 1961 &
832 1901 902 1956 de
934 1899 985 1954 se
1021 1899 1292 1957 honestam
1314 1898 1775 1957 diffimulationem
1810 1913 1929 1971 per-

222 1971 1384 2124 ffistaoffinpffiffflassffl553322'33‘235,
1410 1971 1930 2122 {ffss‘ds'ffiifflzssssss

224 2130 383 2181 ctiam
419 2125 758 2200 dispensanda
806 2125 893 2190 fit,
928 2125 1108 2200 quoad
1146 2142 1228 2182 res
1264 2125 1333 2181 de
1372 2124 1422 2180 se
1462 2120 1824 2178 indifferentes
1863 2127 1927 2182 δε

224 2198 370 2271 figna
403 2217 513 2256 non
549 2201 880 2274 protestativa
906 2200 1209 2273 Religionis,
1231 2199 1318 2255 sed
1347 2196 1640 2254 distinfflva
1667 2196 1926 2259 Nationis

224 2276 412 2335 aetatis,
439 2290 528 2330 aut
561 2275 877 2332 conditionis
907 2278 1139 2348 tempori
1165 2281 1226 2337 &
1251 2275 1465 2331 Nationi
1494 2270 1596 2327 sese
1626 2287 1925 2327 accommo-

226 2348 353 2406 dare
388 2346 553 2421 jubet.
624 2349 747 2406 Nec
780 2351 923 2406 enim
955 2350 1195 2407 Christus
1231 2349 1334 2406 hoc
1369 2345 1646 2421 prohibet,
1680 2345 1814 2402 dum
1839 2343 1924 2403 fu-

225 2440 348 2498 gam
380 2427 439 2483 &
464 2422 542 2479 sui
574 2423 1031 2483 occultatationem
1065 2425 1094 2481 a
1126 2422 1256 2481 facie
1291 2422 1720 2497 persequentium
1752 2422 1924 2490 verbo

226 2504 291 2566 δι
319 2497 568 2576 exemplo
599 2497 781 2574 malit,
810 2517 972 2577 atque
1009 2503 1065 2559 in
1089 2499 1412 2633 lngicodemo
1430 2534 1450 2564 ‚
1479 2499 1541 2559 δε
1575 2494 1819 2630 ,Ιοίὲιίἑῑᾳ
1852 2496 1923 2554 de

1158 2589 1195 2654 3
1771 2588 1845 2630 n·
