2144 2852
202 209 293 301 64»
773 203 1165 298 ῦὲφᾶὲῑὶοκ
1206 198 1381 291 ῦὲφῡῐέ·

205 337 464 406 Accedit,
489 336 638 414 quod
667 341 857 398 veritas
881 357 979 415 per
1007 335 1336 411 semetipsam
1373 349 1652 411 nunquam
1694 332 1810 408 paci
1837 334 1927 395 a&

209 414 485 481 versetur,
530 429 704 489 neque
736 416 888 478 haec‚
927 414 1015 471 sed
1046 429 1432 487 corruptorum
1474 413 1759 467 hominum
1799 427 1925 484 pera

209 490 424 565 versitas
447 490 527 553 fit,
545 509 666 565 quae
683 491 826 548 bella
849 493 1056 550 excitet,
1073 506 1132 546 ac
1156 487 1444 545 discordias
1471 486 1737 545 sustentet.
1810 484 1928 546 imo

211 569 491 626 veritatem
532 563 707 639 potius
726 564 1144 624 fundamentum
1165 565 1313 622 Deus
1347 560 1450 620 effe
1493 562 1647 626 vult,
1695 564 1781 618 cui
1824 577 1927 638 pax

216 643 637 716 superstruatur,
669 641 802 699 dum
838 659 938 718 per
970 659 1032 699 os
1058 640 1324 698 Zachariae
1367 638 1612 713 Prophetae
1651 652 1754 711 cap.
1786 655 1834 697 8.
1863 657 1926 697 v.

216 741 286 791 (9.
322 720 601 774 veritatem
636 719 748 791 paci
775 720 1023 793 apponit,
1053 716 1167 774 imo
1200 714 1794 791 praeponit‚inquiens:
1843 711 1951 771 Vc..

217 795 446 856 ritatem,
469 795 536 857 ἐν
553 806 719 866 pacem
747 793 928 867 diltgite
950 811 971 851 .·
1000 800 1060 854 δι
1083 793 1323 850 Christus
1359 794 1448 847 ubi
1480 789 1638 864 paulo
1660 806 1781 845 ante
1805 807 1936 866 ago-

218 886 347 926 nem
381 865 620 943 primum
654 885 801 934 orat,
837 886 898 927 ut
922 866 1374 942 Paterdiscipulos
1409 868 1460 921 in
1500 868 1719 920 veritate
1751 865 1935 922 sansti-

219 943 373 1007 ficet,
408 942 586 1018 poste-21
622 945 898 1021 subjungit
920 984 935 1009 ‚
971 962 1031 1002 ut
1063 960 1248 1001 omnes
1286 959 1457 999 unum
1496 940 1622 1001 sint,
1662 940 1792 997 ficut
1843 941 1954 997 Pax--

220 1037 303 1078 ter
337 1023 394 1083 in
428 1018 586 1083 Filio,
628 1024 689 1080 &
726 1021 890 1088 Filius
927 1022 980 1076 in
1016 1020 1198 1088 Patre,
1233 1034 1295 1075 ut
1333 1015 1401 1074 ita
1430 1015 1526 1091 ipsi
1558 1017 1612 1071 in
1647 1018 1722 1072 eis
1762 1031 1937 1073 unum

219 1095 323 1154 fine
361 1111 376 1152 ε
414 1111 527 1167 quo
562 1095 751 1151 ordine
790 1096 1027 1153 Salvator
1077 1095 1252 1151 innuit
1281 1131 1299 1156 ‚
1351 1094 1580 1148 veritatis
1618 1089 1934 1153 consensum

222 1169 531 1247 praecedere
564 1169 791 1233 debere,
825 1170 863 1226 fi
897 1187 996 1245 pax
1029 1169 1201 1226 saneta
1240 1174 1301 1230 &
1332 1168 1452 1225 Deo
1487 1184 1634 1241 grata
1692 1165 1938 1242 subsequi

226 1244 542 1316 debeat3uti
582 1262 692 1301 non
721 1247 794 1302 est
823 1246 940 1302 sane
963 1263 1089 1302 cum
1106 1245 1323 1302 Christo
1344 1243 1651 1317 unum‚qui
1678 1246 1940 1303 unionem

226 1338 355 1380 cum
392 1316 554 1375 fratre
586 1319 747 1379 ,solvit
786 1338 802 1393 3
842 1319 912 1379 ita
942 1338 1115 1378 unum
1164 1338 1291 1377 cum
1331 1320 1547 1377 Christo
1588 1316 1689 1374 esse
1722 1317 1942 1380 desinit,

228 1397 322 1470 qui
371 1392 704 1452 fraternitatis
751 1397 967 1453 vinculo
1027 1413 1153 1452 cum
1201 1414 1269 1451 eo
1320 1393 1557 1452 coalescit
1584 1429 1605 1454 ‚
1664 1395 1757 1466 qui
1810 1408 1940 1449 cum

228 1471 446 1529 Christo
481 1486 592 1526 non
629 1469 747 1527 colli
790 1473 840 1528 it.
953 1470 1114 1527 EXtra
1147 1474 1423 1528 veritatem
1461 1468 1603 1523 nulla
1637 1484 1736 1540 pax
1777 1485 1944 1540 appe·

231 1545 424 1608 tenda,
447 1544 591 1601 nulla
626 1545 730 1601 defi
772 1546 1001 1618 eranda3
1041 1546 1324 1603 honestum
1356 1539 1535 1620 potius
1560 1543 1760 1600 bellum
1779 1541 1940 1605 ,cha-
1969 1587 1973 1591 ,

231 1623 384 1679 ritate
421 1634 598 1676 tamen
620 1660 636 1684 ‚
661 1621 1011 1685 &modestt'i‚
1049 1620 1374 1696 discretaque
1421 1622 1652 1675 veritatis
1691 1617 1944 1691 persuasi-

233 1715 366 1829 oned
379 1712 772 1771 temperatum,
810 1697 958 1773 turpi
997 1713 1060 1756 ac
1089 1694 1456 1774 ignominiosae
1492 1697 1608 1770 paci
1641 1696 1716 1752 est
1755 1692 1947 1771 praefe,

231 1789 329 1833 ren
371 1789 484 1829 um.

386 1917 490 1975 IX.
547 1917 739 1977 Pacem
785 1922 1050 1993 ejusmodi
1098 1926 1161 1984 &
1207 1920 1303 1995 ipfi
1351 1920 1599 1993 Apostoli
1635 1919 1769 1979 adeo
1799 1917 1946 1977 ferre

234 2010 351 2052 non
386 2012 631 2067 poterant
652 2032 672 2059 ‚
720 2012 781 2052 ut
818 2015 934 2053 earn
972 1997 1152 2072 potius
1184 1997 1525 2059 damnarent,
1566 2014 1626 2054 ac
1661 1996 1840 2051 fideles
1877 1995 1947 2052 ab

238 2071 386 2127 omni
422 2087 548 2126 cum
579 2070 878 2134 Haereticis,
913 2075 1006 2144 qui
1043 2073 1127 2129 vel
1160 2074 1215 2127 in
1250 2071 1410 2127 rebus
1442 2087 1551 2127 non
1586 2070 1718 2127 adeo
1754 2075 1946 2143 capita-

238 2144 380 2201 libus
411 2143 439 2200 ἓι
485 2144 727 2203 doctrina
777 2146 1077 2203 eorundem
1125 2146 1378 2202 divinitus
1423 2146 1648 2203 revelata
1687 2145 1950 2203 dissentie-

240 2219 404 2282 bant,
439 2224 768 2279 commercio
803 2220 1232 2278 dehortarentur.
1313 2220 1435 2277 Nec
1469 2221 1608 2277 aliud
1646 2220 1946 2296 quidquam

241 2294 461 2352 denotat
484 2297 774 2369 Apostolus
808 2296 918 2354 Tit.
945 2310 1048 2369 cap.
1078 2316 1126 2354 3.
1147 2314 1205 2352 v.
1228 2316 1328 2358 10.,
1362 2296 1455 2352 ubi
1485 2297 1815 2354 Haereticum
1845 2297 1948 2353 ho-

243 2373 444 2427 minem
468 2371 594 2447 *post
632 2390 793 2428 unam
825 2371 1135 2438 &alteram
1169 2374 1566 2445 correptionem
1597 2371 1956 2431 devitandum.

244 2444 346 2501 effe
380 2445 559 2516 jubet,
580 2450 641 2507 &
662 2470 704 2502 2.
728 2446 799 2502 ad
823 2449 952 2504 Ἱὶυι.
981 2469 1025 2503 2.
1053 2464 1112 2503 v.
1137 2467 1209 2507 17.
1245 2444 1530 2520 fugiendos
1574 2451 1641 2505 ait
1678 2447 1948 2505 sermones

244 2518 537 2595 Hymenaei
560 2524 624 2584 «Sc
657 2521 877 2590 Phileti,
912 2524 1009 2600 qui
1030 2520 1063 2581 a
1085 2523 1308 2592 veritate
1334 2521 1676 2589 exciderunt,
1699 2524 1979 2653 dicentes„v

568 2620 571 2623 ’
1697 2613 1758 2659 ῐθ
1783 2611 1878 2657 ω’·
