2144 2852
254 191 389 251 22¹6
660 289 663 292 y
811 185 1012 266 aaa&
1036 191 1159 264 »0
1185 189 1228 263 1(
1244 186 1442 268 *aaa*

266 321 370 378 *nit
387 316 625 392 perdere·
647 317 878 384 animas,
904 318 991 376 sed
1024 318 1249 384 salvare,
1270 321 1351 378 utl
1375 318 1650 393 discipulis·
1672 317 1772 378 suis
1794 321 1975 396 ignem

272 393 314 451 ὲ
335 394 469 479 coelo
493 397 546 451 in
571 395 920 453 Samaritanos
952 394 1286 472 poscentibus
1323 395 1688 454 inculcaverat.
1836 406 1848 427 ³
1961 434 1965 440 -

424 544 541 601 XII.
582 543 673 601 Ab
722 543 986 602 hoe'sane
1021 547 1220 620 Spiritu
1270 541 1607 623 nequaquam
1658 545 1855 603 alienus
1900 545 1977 603 est

269 617 578 676 moderatus
614 637 894 693 poenarum
936 620 1238 679 salutarium
1278 624 1483 696 rigor,
1515 625 1607 698 qui
1648 623 1700 678 in
1734 638 1825 678 eos
1859 637 1976 678 tan-

236 758 238 760 ,
269 693 388 751 tum
421 711 700 770 exercetur
733 732 752 759 ‚
790 698 884 772 qui
915 696 1059 753 nulla
1093 696 1497 754 mansuetudine
1517 719 1538 760 ·‚
1569 696 1724 754 nullis
1758 695 1975 753 rationi-2

269 769 370 826 bus
407 770 473 826 ab
507 787 691 826 errore
727 772 779 827 se
831 770 1069 829 revocari
1105 772 1231 846 paffi
1265 772 1382 829 sunt
1393 790 1407 844 3
1442 791 1617 848 neque
1650 772 1789 831 solus
1825 771 1979 829 adhi-

268 843 454 907 betur,
484 844 574 902 sed
606 844 891 909 doctrinae,
919 847 1210 904 rationibus
1228 883 1247 911 ‚
1276 848 1707 906 instructionibus
1743 846 1812 904 ad
1844 864 1975 905 con-

267 920 548 977 ciliandam
581 920 704 994 ipsis
737 921 992 995 majorem
1031 925 1145 979 vim
1170 926 1230 983 &
1261 921 1544 980 efficaciam
1583 922 1972 997 superadditur,

263 996 394 1053 teste
430 994 623 1054 Sanfi’co
651 998 955 1071 Augustino
991 1015 1005 1055 ε
1057 1000 1112 1054 Si
1140 1010 1480 1063 terrerentur,
1518 1001 1587 1065 ἅ
1618 1016 1714 1054 non
1749 998 1972 1054 doceren-

265 1084 382 1135 tur,
421 1070 635 1146 improba
669 1071 805 1146 quafi
839 1075 1118 1130 Dominatio
1152 1073 1428 1131 videretur.
1546 1072 1743 1144 Rurfics
1757 1071 1806 1143 si
1833 1073 1971 1130 doce-

264 1160 470 1209 rentur,
498 1149 579 1212 &⁶-
595 1165 692 1202 non
722 1160 1031 1206 terrerentur
1045 1186 1064 1213 ,
1081 1148 1324 1219 vetustate
1357 1149 1710 1220 consuetudinis
1745 1147 1970 1205 obdurati

266 1222 341 1278 ad
365 1221 682 1294 capeffendam
718 1223 859 1278 viam
901 1223 1072 1291 salutis
1108 1224 1302 1299 ngriics
1339 1237 1671 1280 moverentur.
1769 1224 1972 1298 Neque

265 1314 333 1352 eo
367 1294 582 1369 praeclse
631 1295 736 1351 fine
795 1312 968 1352 terror
998 1299 1084 1353 ille
1118 1300 1457 1372 adjungitur,
1491 1314 1552 1354 ut
1583 1297 1689 1371 ipsa
1717 1310 1842 1354 vera
1876 1300 1971 1355 Re-

265 1369 422 1445 ligio,
451 1386 614 1446 quam
651 1370 885 1427 maxime
919 1371 1272 1429 voluntariam
1301 1377 1362 1432 &
1394 1372 1614 1428 liberam
1646 1370 1773 1434 esse,
1798 1373 1972 1430 neces-

265 1446 319 1503 se
345 1446 461 1508 est,
509 1461 608 1518 per
640 1446 752 1501 vim
786 1449 847 1506 &
881 1446 1184 1503 violentiam
1226 1449 1400 1503 invitis
1429 1447 1751 1509 inculcetur,
1785 1446 1874 1504 sed
1907 1465 1970 1508 ut

265 1520 468 1578 salutari
497 1519 603 1575 hoc
638 1536 919 1592 poenarum
952 1538 1100 1578 metu
1133 1524 1336 1578 excitati
1377 1527 1438 1582 &
1475 1521 1690 1594 seposita
1725 1522 1972 1598 tantisper

263 1593 596 1654 contumacia
627 1597 931 1651 attentiores
963 1598 1165 1653 animos
1193 1602 1253 1657 δε
1277 1615 1429 1652 aures
1452 1594 1702 1659 afferant,
1735 1598 1969 1657 teneant-

262 1689 373 1748 que
414 1668 583 1744 magis
616 1669 844 1727 arrectas
875 1670 942 1727 ad
978 1672 1379 1729 auscultandum
1414 1670 1716 1746 diligentius
1749 1679 1810 1733 &
1844 1690 1969 1748 per-

264 1744 616 1823 pendendum
665 1744 910 1802 attentius
939 1747 1339 1810 instructiones,
1387 1750 1612 1803 rationes
1642 1751 1704 1807 &
1741 1751 1969 1817 motiva,

266 1822 466 1897 quibus
499 1817 725 1876 convifi‘ci
756 1837 937 1876 veram
962 1822 1290 1896 Religionem
1319 1839 1430 1895 prae
1455 1821 1705 1879 omnibus
1726 1823 1834 1884 aliis
1855 1828 1968 1883 evi-

263 1899 451 1955 denter
480 1892 788 1952 credibilem
815 1895 1137 1969 intelligant,
1170 1913 1329 1970 atque
1364 1896 1635 1954 humiliter
1663 1900 1884 1970 gratiam
1906 1908 1967 1960 ac

262 1974 449 2030 lumen
497 1969 704 2027 coeleste
756 1969 1073 2043 exposcant,
1119 1990 1234 2045 quo
1281 1970 1566 2028 illustrante
1605 1976 1745 2028 viam
1794 1971 1967 2035 salutis

261 2050 471 2105 unicam
506 2050 568 2106 δε
603 2046 832 2119 agnitam
869 2047 1144 2103 veritatem
1173 2045 1557 2120 amplectantur
1584 2062 1602 2118 3
1677 2043 1822 2102 Ciu‘n
1851 2066 1966 2107 cer-

263 2123 515 2180 tiffirnum
558 2119 645 2181 fit,
683 2118 847 2179 fidem
896 2118 965 2176 ita
996 2120 1098 2178 effe
1127 2120 1338 2178 donum
1371 2120 1501 2184 Dei,
1529 2135 1591 2177 ut
1627 2122 1784 2178 etiam
1817 2123 1964 2185 aecus

258 2198 438 2255 liberae
469 2196 533 2253 fit
566 2194 866 2253 voluntatis.
1363 2211 1374 2222 ’
1858 2219 1861 2221 ’
1955 2223 1957 2225 ’

418 2347 559 2403 ΧΙΙΙ.
635 2347 822 2420 Atque
852 2344 977 2401 inde
1005 2342 1125 2402 luce
1159 2344 1446 2403 meridia-na
1479 2344 1667 2403 clarius
1698 2344 1801 2402 sese
1830 2362 1964 2419 pru-

259 2422 407 2480 denti
441 2424 608 2479 cuivis
636 2419 825 2478 offeret
852 2423 1040 2493 ingens
1074 2421 1157 2477 illa
1182 2418 1475 2477 differentia
1493 2423 1637 2478 'inter
1662 2420 1963 2479 vexationes

258 2502 319 2558 δε
342 2496 728 2572 persecutiones
751 2496 1071 2560 Gentilium,
1104 2501 1165 2558 &
1189 2496 1779 2627 Mahometanorumstin
1804 2495 1964 2556 Chri-2

1744 2584 1888 2624 ianos
