2144 2852
277 227 383 284 152
850 202 1027 308 oga*
1070 205 1099 281 )
1135 205 1240 282 ο(
1284 201 1458 285 0132&

266 336 514 416 periculo
550 338 835 400 immunis,
874 352 991 396 tuta
1025 341 1087 400 ὃς
1118 334 1354 412 spirans,
1386 335 1562 394 activa
1589 337 1651 396 &
1673 334 1967 399 authorita-

267 419 382 472 tiva
410 416 470 469 in.
501 412 881 470 controversiis
910 412 1035 470 fidei
1071 412 1134 469 fit
1170 415 1411 469 veritatis
1445 410 1672 486 regula:
1713 409 1810 468 ubi
1845 427 1967 486 per-

268 490 396 547 inde
436 488 540 551 est,
570 491 631 549 ὃς
664 489 720 543 in
757 488 907 546 idem
939 487 1100 563 plane
1133 487 1327 545 recidit
1344 523 1362 551 ,
1398 485 1509 545 five
1538 488 1798 545 Summus
1831 487 1970 544 Pon-

267 563 403 624 tifex
451 581 556 638 pro
598 561 693 619 suo
727 562 848 638 jure
897 563 1143 621 Ecclefiae
1180 563 1445 621 laboranti
1481 579 1771 620 occurrens
1808 577 1973 619 coete-.

267 658 463 698 rorum
501 637 903 714 Episcoporum
949 637 1200 714 susti-agia
1246 640 1625 700 anteverterit,
1669 642 1730 697 &
1762 636 1859 693 ista
1895 635 1970 693 se-

269 731 549 792 quantur3
588 713 699 770 sive
730 715 854 777 ista,
886 713 947 771 ut
980 713 1271 789 aliquando
1307 711 1586 788 contigisse
1608 711 1820 770 dictum
1842 708 1971 775 fuit,

269 788 604 867 praecedant,
647 793 709 851 &
751 788 1007 848 sententia
1042 791 1272 850 Romani
1321 787 1596 848 Pontificis
1643 786 1972 847 confirmans

269 865 488 924 accedat
520 868 582 926 &
618 862 996 942 subsequatur3
1039 882 1108 922 ex
1145 864 1250 921 illis
1300 868 1512 941 quippe
1543 866 1712 920 unitis
1747 880 1810 920 ac
1843 880 1971 923 con-

266 940 620 1002 sentientibus
651 957 797 999 certa
839 946 901 1003 ὃς
933 937 1243 1009 infallibilis
1261 944 1481 1016 exurgit
1517 938 1809 997 definitio„

455 1090 525 1150 X.
600 1093 953 1169 rounque
984 1092 1212 1150 demum
1244 1089 1415 1149 modo
1455 1089 1755 1148 authoritas
1782 1083 1971 1164 illa‘ju-
2015 1148 2017 1151 ,

269 1167 479 1226 dicialis
496 1184 573 1243 ,ac
604 1166 887 1226 definitiva
918 1168 1234 1226 universalis
1266 1165 1514 1226 Ecclefiae
1549 1165 1860 1239 interposita
1887 1160 1972 1220 fu-

269 1245 413 1313 erit;
450 1260 519 1297 ne
549 1241 697 1297 nulla
721 1242 977 1316 prorsus,
1004 1246 1204 1306 inanis,
1240 1248 1300 1304 &
1332 1242 1399 1299 ad
1430 1240 1596 1298 finem
1626 1240 1656 1297 a
1692 1241 1815 1297 Deo
1836 1248 1973 1313 prae-

269 1317 523 1373 stitutum
555 1316 761 1371 inutilis
800 1335 861 1374 ac
897 1316 1222 1374 insufficiens
1260 1318 1481 1389 existat3
1521 1333 1632 1372 non
1659 1314 1836 1388 potest
1859 1330 1974 1370 non

271 1390 475 1448 habere
518 1388 838 1465 adjunctum
890 1391 987 1448 fibi
1034 1391 1244 1448 sacrum
1305 1391 1587 1467 quoddam
1642 1390 1974 1463 Imperium,

271 1483 395 1522 eam
436 1464 741 1522 doctrinam
786 1465 992 1540 judicio
1036 1465 1132 1524 suo
1167 1467 1365 1524 ultimo
1405 1484 1465 1523 ac
1497 1465 1804 1523 decretorio
1843 1462 1975 1520 defi-

271 1542 446 1599 nitam
479 1558 581 1614 per
615 1539 849 1597 modum
878 1541 1040 1619 legis,
1077 1546 1138 1603 &
1172 1544 1251 1598 rei
1286 1541 1533 1616 judicatae
1557 1538 1806 1596 fidelibus
1840 1555 1979 1613 prae-

271 1615 544 1691 cipiendi‚
582 1619 644 1677 &
678 1614 775 1672 sub
807 1616 826 1672 l
899 1635 930 1673 e
974 1617 1285 1674 neceffitatis
1318 1617 1541 1674 eosdem
1578 1612 1978 1690 adstringendi,

274 1708 339 1749 ut
384 1709 496 1748 non
545 1689 759 1762 tant-hm
806 1710 835 1748 a
877 1691 1066 1749 ensum
1114 1709 1403 1750 eXternum
1467 1690 1647 1748 eidem
1695 1690 1977 1764 praestent,

274 1765 368 1824 sed
418 1770 480 1826 &
531 1766 675 1840 ipsos
723 1769 965 1825 internos
1017 1771 1215 1825 mentis
1270 1784 1566 1842 conceptus
1614 1762 1976 1822 conforment.

274 1842 403 1899 Nec
426 1843 575 1898 enim
606 1839 825 1897 'sacrum
859 1843 994 1900 illud
1041 1846 1098 1900 in
1135 1843 1482 1900 conscientias
1530 1845 1762 1898 internas
1795 1838 1974 1896 homi-

277 1934 415 1974 num
444 1916 748 1991 Imperium
782 1916 855 1972 ita
894 1916 990 1974 soli
1027 1920 1149 1975 Deo
1183 1917 1515 1975 reservatum
1549 1916 1626 1972 est
1673 1915 1974 1971 existiman-

278 1992 418 2050 dum
437 2027 453 2055 ‚
494 2007 558 2049 ut
588 1989 889 2067 'nequidem
927 1991 1243 2050 hominibus
1257 2027 1274 2055 ‚
1322 1992 1476 2048 velut
1519 1990 1785 2047 Ministris
1816 2005 1976 2063 ⁸com-

277 2068 543 2125 municari
579 2073 640 2128 ὃ(
672 2067 862 2140 partici
906 2069 983 2122 ari
1025 2066 1055 2124 a
1088 2069 1211 2124 Deo
1252 2065 1440 2140 poffit‚
1491 2066 1624 2122 sicut
1655 2068 1716 2125 &
1759 2063 1862 2120 alia
1895 2081 1977 2119 re-

278 2143 514 2203 servata,
552 2158 616 2199 ut
648 2143 816 2198 mirae
877 2159 907 2196 a
943 2143 1085 2197 vires
1122 2156 1325 2197 naturae
1368 2140 1681 2197 excedentia
1709 2137 1978 2214 patrandi,

280 2235 342 2275 ac
360 2234 625 2274 mortuos
651 2214 928 2291 praecipue
960 2215 1269 2278 suscitandi,
1294 2217 1614 2291 potestatem
1646 2213 1843 2270 iisdem
1867 2229 1982 2269 tan-

279 2310 450 2369 quam
484 2292 652 2349 causis
689 2290 1181 2350 instrumentalibus
1213 2293 1611 2348 communicata
1653 2286 1789 2346 adeo
1822 2284 1997 2345 fuisse¹

279 2385 446 2425 nemo
485 2370 726 2442 ignorat,
758 2382 823 2425 ut
853 2371 915 2427 &
954 2365 1151 2427 Sancti<
1172 2367 1398 2441 quidam
1432 2365 1638 2442 majora
1671 2382 1868 2421 eorum
1902 2360 1980 2419 fe-

281 2445 456 2501 cerint
478 2478 494 2505 ‚
527 2460 648 2517 quae
685 2444 743 2499 in
777 2441 901 2517 ipsis
931 2443 1102 2499 Sacris
1143 2440 1344 2499 Literis
1377 2441 1595 2500 Christo
1629 2441 1874 2498 Domino
1900 2454 1981 2494 at-

281 2517 616 2579 tribuuntur.
695 2519 820 2578 Nec
860 2516 1008 2576 aliud
1041 2516 1343 2594 quidquam
1365 2517 1434 2576 ad
1464 2518 1691 2580 Saermn
1713 2512 1852 2572 illud
1872 2513 1981 2599 im·

574 2611 587 2649 s
1766 2603 1908 2662 peri-
