2144 2852
730 191 903 274 ‘RQ’
943 195 974 273 >
1009 215 1049 255 ὀ
1085 200 1116 273 (
1155 194 1330 276 ῡὲὠὲν
1708 207 1715 213 “
1872 218 1940 277 31

239 328 403 404 ipsam
417 326 695 401 Religionis
707 342 765 383 ae
788 325 910 384 fidei
934 329 1191 385 rationem
1212 346 1372 406 atque
1394 344 1636 389 naturam
1651 329 1945 390 destruere.

238 406 377 463 Haec
438 403 545 478 ipsa
590 402 713 474 (a)
752 404 951 476 exigit,
1000 420 1060 461 ut
1096 422 1332 463 creatura
1367 408 1629 465 'rationalis
1670 412 1733 469 &
1780 405 1943 464 libera

235 480 360 538 Deo
393 477 618 537 Auctori
652 477 747 534 suo
787 477 1098 551 supremum
1131 498 1238 537 non
1272 478 1478 540 tantum
1513 483 1829 546 voluntatis,
1853 481 1943 540 sed

235 558 393 614 etiam
428 550 723 610 intellectus
760 554 1078 628 obsequium
1122 556 1367 614 exhibeat
1392 595 1411 621 ‚
1452 563 1514 619 &
1546 575 1831 633 utramque
1869 557 1940 614 illi

232 631 532 706 potentiam
585 627 858 699 subjiciat,
909 628 1103 703 pieque
1151 631 1448 706 devoveat3
1486 631 1573 689 sed
1622 635 1743 708 quis
1792 632 1942 689 obse-

237 710 430 781 quium
464 701 760 760 intellefi'tfis
795 720 948 776 putet
979 704 1098 761 Deo
1135 707 1425 779 praestitum
1449 743 1468 770 ‚
1502 707 1637 764 dum
1676 706 1942 765 affentitur

238 783 327 843 iis,
361 797 484 854 quae
522 796 622 852 per
656 780 916 835 rationem
954 781 1211 837 evidentia
1243 798 1531 855 apparent,
1568 788 1629 843 &
1666 782 1942 839 necessario

235 855 569 913 intellectum
603 856 816 927 rapiunt
844 853 910 910 ad
944 853 1200 912 assensum
1225 858 1253 916 ?
1290 856 1429 913 Illud
1458 857 1602 915 certe
1624 857 1941 931 obsequium

233 931 358 989 Deo
386 930 675 1005 praestitum
701 946 860 985 nemo
885 930 1123 1003 negabit,
1154 931 1288 987 dum
1310 949 1535 1006 propter
1566 931 1735 989 solum
1760 935 1942 1001 supre-

234 1024 392 1064 mum
415 1006 531 1080 ejus
554 1005 922 1078 Magisterium
937 1009 998 1064 &
1021 1005 1393 1063 authoritatem
1418 1005 1523 1063 falli
1546 1006 1763 1063 nesciam
1782 1006 1944 1063 affen-

235 1084 403 1139 timur
436 1083 542 1143 rei,
578 1097 742 1154 quam
776 1097 954 1136 tamen
989 1080 1275 1137 intellectui
1317 1081 1596 1139 obscuram
1630 1087 1698 1142 '&
1741 1085 1943 1156 imper-

163 1183 169 1190 ·
235 1160 378 1213 viam
401 1151 651 1213 fatemur.
853 1157 1198 1229 Quapropter
1218 1156 1245 1228 (
1258 1157 1326 1224 b)
1352 1174 1530 1234 neque
1562 1159 1816 1214 meritum
1849 1156 1944 1213 ha·

235 1231 387 1288 beret
418 1230 550 1287 fides
585 1230 759 1288 nostra
795 1230 861 1287 ad
887 1231 1138 1294 salutem,
1171 1235 1266 1309 qui
1302 1231 1418 1290 finis
1454 1234 1529 1289 est
1560 1250 1619 1290 ac
1643 1233 1832 1307 scopus
1850 1231 1945 1288 Re-

234 1306 444 1380 ligionis
459 1305 582 1370 ,ubi
604 1305 835 1362 humana
859 1308 989 1362 ratio
1014 1306 1278 1379 praeberet
1300 1309 1699 1382 exprimentum
1714 1347 1729 1370 ‚
1754 1312 1814 1367 &
1833 1309 1943 1364 evi-

235 1382 433 1447 dentia,
445 1380 738 1439 neceffitate
763 1380 1054 1438 intellectus
1074 1381 1309 1446 inducta,
1320 1401 1539 1439 omnem
1565 1383 1771 1440 tolleret
1785 1383 1944 1439 liber-

235 1474 414 1515 tatem.
602 1456 769 1513 Porro
793 1457 820 1531 (
835 1457 903 1527 c)
942 1456 1007 1512 ad
1037 1456 1294 1514 infinitam
1329 1458 1432 1514 Dei
1459 1457 1787 1531 Maiestatem
1824 1474 1941 1530 per-

235 1535 370 1589 tinet
405 1531 600 1589 habere
634 1532 882 1606 quaedam
915 1549 1098 1587 arcana
1131 1531 1223 1588 fibi
1255 1532 1347 1588 soli
1386 1535 1626 1606 cognita,
1658 1532 1811 1588 nobis
1846 1548 1940 1587 au-

235 1623 348 1665 tem
396 1606 695 1663 abscondita
717 1646 732 1670 ‚
766 1623 828 1663 ut
870 1605 1269 1663 reminiscamur
1306 1606 1489 1663 Deum
1526 1605 1726 1679 aliquid
1767 1604 1944 1680 posse,

235 1681 385 1757 quod
423 1698 518 1737 nos
550 1680 813 1737 fateamur
861 1697 1048 1753 capere
1081 1696 1193 1736 non
1228 1679 1401 1753 poffe3
1440 1684 1501 1740 &
1538 1681 1653 1738 haec
1692 1679 1939 1754 quamvls

234 1775 339 1814 -nec
361 1755 490 1818 sint,
512 1773 610 1811 nec
644 1755 743 1810 effe
775 1755 966 1828 poffint
997 1771 1182 1810 contra
1211 1757 1471 1812 rationem
1499 1755 1822 1819 humanam,
1845 1755 1938 1812 sal-

232 1849 348 1889 tem
386 1831 572 1905 supera
607 1830 748 1886 illam
786 1830 943 1892 sunt,
990 1829 1140 1903 cujus
1189 1831 1297 1886 vim
1331 1834 1393 1892 &
1437 1828 1740 1888 facultatem
1783 1849 1938 1888 exce-

235 1906 414 1979 dunt3
453 1911 514 1966 &
547 1904 680 1962 dum
713 1904 909 1961 horum
946 1906 1183 1961 notitiam
1208 1905 1469 1963 mediante
1498 1905 1603 1963 fide
1638 1908 1937 1964 communi-

234 1999 356 2040 care
392 1982 544 2037 nobis
573 1980 821 2054 dignatus
856 1980 933 2035 est
971 1998 988 2053 3
1027 1980 1373 2038 conveniebat
1414 1980 1497 2036 illa
1532 1981 1687 2039 nullis
1722 1984 1934 2038 rationi·

232 2057 340 2113 bus
370 2055 678 2114 confirmata
726 2057 1000 2129 proponi,
1044 2054 1134 2111 sed
1183 2056 1522 2130 imperatoria
1568 2060 1630 2116 &
1662 2056 1937 2114 dietatoria

233 2131 464 2189 brevitas
497 2130 669 2205 ipsum
709 2147 794 2187 tan
836 2147 958 2187 uam
993 2147 1178 2187 rerum
1217 2134 1464 2188 omnium
1496 2130 1798 2186 vdominum
1841 2130 1936 2186 de-

235 2207 418 2277 cebat3
442 2204 505 2262 ut
539 2206 775 2262 Laetam.
833 2204 919 2275 nst.
951 2204 1031 2262 lib.
1069 2226 1116 2264 3.
1147 2219 1250 2279 cap.
1281 2223 1329 2262 ι.
1403 2205 1646 2267 „Divina
1668 2241 1687 2266 ‚
1734 2206 1936 2279 inquit,

232 2316 274 2344 2,
292 2280 478 2336 tradita
509 2279 630 2335 sunt
660 2279 890 2335 breviter
919 2297 978 2336 ac
1009 2280 1193 2353 nude3
1270 2281 1391 2337 Nec
1421 2279 1639 2336 decebat
1660 2278 1807 2334 aliter
1825 2314 1840 2341 ‚
1860 2297 1942 2342 ut,

233 2351 416 2419 „cum
449 2354 600 2410 Deus
643 2353 709 2409 ad
744 2354 1020 2412 hominem
1062 2355 1404 2428 loqueretur,
1437 2371 1493 2410 ar
1533 2355 1761 2410 umentis
1807 2354 1935 2409 affe-

231 2465 275 2492 „
296 2446 435 2500 reret
467 2427 582 2485 suas
613 2445 797 2491 voces,
827 2443 1079 2503 tanquam
1114 2429 1243 2486 fides
1273 2432 1319 2485 ei
1354 2446 1461 2485 non
1537 2429 1815 2491 aberetur,
1842 2428 1930 2486 sed

231 2500 350 2568 „ut
383 2506 658 2579 oportuit,
693 2506 767 2562 est
801 2501 1042 2570 locutus,
1077 2503 1223 2580 quasi
1272 2520 1456 2562 rerum
1494 2506 1739 2563 omnium
1772 2507 1934 2561 maxi-

303 2614 309 2621 ι
1694 2597 1861 2644 „mus
