2144 2852
739 192 916 275 ῡὲἓῆ
959 197 987 271 )
1024 197 1127 274 0³(
1169 192 1345 275 ᾶὲφῗῷ
1390 271 1396 276 ,
1788 206 1895 258 ¹01

343 327 489 387 XVL
524 327 604 387 Ut
634 343 812 386 tamen
850 328 935 384 illa
969 327 1257 386 authoritas
1298 322 1546 390 sufficiat,
1578 339 1639 384 ac
1663 323 1897 402 'publi'cae

187 420 389 463 nomen
426 421 692 462 mereatur
717 441 736 467 ,
785 409 847 466 &
882 421 1044 461 omen
1080 405 1296 478 impleat
1334 419 1351 477 3
1390 402 1550 460 debet
1585 400 1685 459 effe
1720 404 1898 459 homi-

183 483 378 543 nibus,
413 485 474 542 &
511 495 707 537 naturae
743 499 801 537 ac
833 480 996 536 indoli
1032 478 1199 537 coetfis
1238 478 1406 536 modo
1440 481 1764 541 memorati,
1813 496 1899 535 ut·

183 572 316 632 pote
353 557 621 613 Societatis
673 554 882 611 vifibilis
920 559 983 616 &
1018 557 1157 611 inter
1198 556 1442 612 homines
1479 556 1772 611 constitutae
1810 571 1897 611 ao-

179 632 542 693 eommodata‚
579 637 642 691 &
681 631 1068 703 Sapientiffimo
1098 631 1197 687 Dei
1234 631 1479 687 homines
1514 647 1611 704 per
1647 627 1896 686 homines

179 707 441 764 instruere
494 706 717 764 volentis
762 705 979 762 confilio
1031 709 1465 780 proportionata,
1505 722 1668 779 quam
1706 721 1895 761 omnes

177 779 332 840 facile
364 783 722 857 cognoscere,
769 786 830 841 &
872 799 970 854 per
1006 781 1146 837 illam
1183 782 1248 837 ad
1291 786 1565 837 veritatem
1601 777 1896 836 indubitate

176 862 465 932 pervenire
499 857 707 932 poilint.
800 856 1018 931 lnsupet·
1055 856 1187 913 vero
1223 859 1381 912 etiam
1423 855 1489 911 ab
1528 857 1689 910 omni·
1711 871 1895 914 erran—

175 935 231 990 di
267 934 505 1007 periculo
539 933 698 989 debet
732 931 833 988 effe
871 950 1075 988 remota
1111 937 1170 992 &
1210 929 1520 991 infallibilis,
1550 947 1612 986 ur
1642 928 1898 998 omnibus

176 1010 379 1082 absque
413 1007 619 1065 laesione
661 1008 865 1080 justitiae
894 1047 907 1069 ‚
945 1027 1066 1081 quae
1104 1007 1317 1064 cuilibet
1355 1006 1438 1079 jus
1475 1003 1705 1061 evitandi
1745 1022 1892 1060 erro-

174 1082 247 1139 ris'
281 1079 495 1146 tribuit,
526 1082 844 1160 obsequium
895 1086 1084 1139 mentis
1118 1082 1222 1138 five
1261 1077 1565 1137 in‘tellefi’tfis'
1585 1079 1892 1136 rationabile

174 1160 441 1230 imperare
490 1161 629 1216 circa
677 1176 736 1214 ea
761 1195 779 1219 ,
819 1176 939 1233 quae
979 1159 1229 1215 divinitus
1279 1155 1507 1212 revelata
1554 1153 1781 1210 declarat
1827 1160 1921 1217 ὃς·

175 1236 662 1309 proponit,'atque
701 1251 920 1303 omnem
967 1231 1484 1307 pertinaciam,vfive
1520 1247 1738 1286 omnem
1778 1229 1889 1288 alti-

173 1312 422 1366 tudinem
457 1310 795 1366 extollentem
827 1309 876 1365 le
915 1309 1164 1367 adversus
1198 1307 1463 1366 seientiam
1491 1306 1592 1363 Dei
1625 1307 1891 1381 reprime-

173 1400 237 1443 re
271 1386 440 1461 poffit.
475 1405 517 1444 t.
538 1388 646 1442 Cor.
678 1404 743 1442 ιο.
762 1403 892 1443 v.·s.

344 1535 511 1591 XVII.
586 1536 964 1611 Qamobrem.
997 1534 1218 1608 ipsamet
1279 1531 1636 1607 sapientiffima
1676 1530 1888 1589 Divinae

173 1609 527 1667 Providentiae
578 1618 872 1668 oeconomia
921 1612 1163 1683 exigebat
1213 1611 1264 1664 in
1314 1623 1456 1664 coetu
1508 1608 1604 1663 isto
1640 1607 1886 1664 constitui

170 1686 536 1744 auctoritatem
572 1703 670 1741 nec
706 1687 1008 1758 simpliciter
1034 1686 1269 1739 divinam
1296 1686 1448 1757 quia,
1467 1681 1772 1738 hominibus
1796 1699 1884 1739 ac-

169 1762 488 1821 commoda,
531 1778 628 1816 nec
662 1760 962 1834 simpliciter
999 1762 1315 1819 humanam,
1348 1762 1471 1832 quia
1508 1756 1784 1812 certiffima
1819 1762 1882 1819 ὃς

167 1840 365 1894 erroris
398 1840 572 1892 omnis
609 1837 771 1891 nescia
794 1873 811 1897 ‚
849 1840 910 1896 &
944 1838 1080 1891 circa
1122 1834 1475 1907 Religionem,
1512 1849 1633 1905 quae
1667 1849 1775 1888 tota
1799 1836 1881 1891 iu-

167 1912 512 1987 pernaturalis
563 1915 624 1971 &
658 1915 935 1985 negotium
976 1928 1035 1967 ac
1071 1926 1210 1982 opus
1256 1908 1354 1964 Dei
1395 1909 1494 1967 est,
1537 1924 1601 1964 ex
1651 1906 1878 1982 ejusque
1913 1927 1915 1929 ·

164 1988 329 2046 libera
364 1985 577 2059 prorsus
620 1987 892 2043 voluntate
922 2004 982 2043 ac
1017 1986 1342 2040 institutione
1379 1981 1606 2055 pendet,
1644 2000 1878 2054 occupa·

168 2076 220 2120 ta
254 2062 353 2118 effe
384 2063 613 2118 debebat
649 2079 664 2131 3
705 2081 863 2138 atque
900 2061 968 2118 ita
1002 2061 1288 2116 humanam
1327 2057 1577 2133 quidem,
1610 2055 1700 2113 sed
1742 2058 1875 2115 divi-

169 2134 309 2194 nitus
357 2136 611 2194 directam
641 2173 656 2199 ‚
714 2156 872 2211 atque
933 2137 1236 2193 hominibus
1284 2151 1389 2189 non
1428 2130 1635 2188 tantum
1685 2132 1715 2186 θ
1757 2133 1874 2190 Deo

166 2214 608 2268 communicatam
635 2251 648 2273 ,
702 2213 786 2267 sed
829 2218 888 2273 ὅ(
929 2210 1182 2267 infallibili
1221 2210 1395 2266 Divini
1434 2207 1675 2279 ejusdem
1706 2208 1874 2279 Spiri-

167 2285 252 2343 tfis
295 2284 564 2340 affistentia
604 2303 664 2341 ac
696 2289 986 2343 inerrantiae
1035 2288 1181 2342 dono
1224 2287 1479 2339 munitam
1515 2281 1614 2336 effe
1655 2300 1873 2354 oporte-

167 2361 273 2417 bat.
348 2359 576 2428 Qualem
613 2359 830 2432 ipsemet
869 2361 1091 2419 SanEius
1123 2360 1454 2433 Augustinus
1478 2358 1507 2426 ζ
1521 2362 1684 2430 q‘uem
1716 2356 1871 2429 supra

170 2435 276 2508 jam
317 2453 370 2499 οι
394 2435 586 2489 timum
618 2436 865 2491 credendi
902 2437 1051 2493 simul
1087 2442 1146 2497 ὅ(
1180 2431 1518 2489 ratiocinandi
1549 2432 1869 2505 Magistrum

169 2508 543 2583 laudavimus)
579 2527 645 2567 ex
672 2510 860 2570 eadem
896 2510 1122 2644 prlolvida
1155 2511 1407 2567 Numinis
1431 2508 1756 2637 Religionem
1789 2525 1869 2564 re·

245 2627 247 2629 -
1050 2600 1084 2660 3
1613 2599 1680 2640 ve
1702 2597 1792 2640 an-
