2144 2852
237 233 349 292 120
815 217 1063 300 Qut)
1099 237 1138 280 0
1173 220 1203 297 (
1247 216 1420 299 Qvi&

392 351 536 411 XVI.
567 348 827 410 Praeterea
854 348 1318 429 quemadmodum
1345 349 1695 409 {immensitati
1721 351 1784 413 &
1801 351 1935 412 Ma.

237 428 502 506 gnitudini
549 427 650 484 Dei
692 428 891 503 Religio
931 448 1056 486 vera
1091 446 1189 504 per
1215 445 1410 495 omnes
1433 427 1608 485 Orbis
1640 430 1939 501 provincias

237 522 552 581 propagata,
580 503 649 560 ita
679 509 739 565 δε
768 505 1008 581 ejusdem
1038 507 1311 562 aeternitati
1353 503 1538 560 eadem
1572 518 1826 579 tanquam
1845 523 1942 560 an-

237 582 376 656 tiqua
411 586 472 641 &
506 582 750 636 omnium
784 598 1095 655 temporum
1129 579 1327 655 Religio
1359 579 1703 652 respondeat,
1741 577 1942 636 necesse

237 659 331 714 est.
407 657 512 713 Uni
550 654 675 712 hu'ic
713 655 992 731 Religionis
1021 662 1083 719 &
1116 655 1359 713 'Ecclesiae
1395 657 1690 728 antiquitati
1717 654 1754 710 fi
1786 654 1943 711 insisti

238 730 424 804 vellet3
462 728 680 805 pressius
727 731 851 788 inde
889 732 1194 789 Novatores
1237 748 1428 788 omnes
1485 747 1551 788 ur
1591 732 1689 786 eri·
1720 729 1942 803 poffent.

237 806 356 872 „Ex
390 808 498 880 ipso
532 808 735 880 quippe
769 807 959 864 ordine
997 805 1381 871 manifestatur,
1407 807 1477 862 ait
1563 805 1722 863 ertull.
1743 805 1860 862 ij.
1882 803 1942 861 de

239 881 542 959 „praefhript.
581 886 694 957 Cap.
724 903 820 947 31„
840 884 906 939 -id
939 882 1041 940 effe
1073 883 1403 940 dominicum
1433 888 1494 943 &
1533 899 1755 944 verum,
1789 877 1946 955 quod

238 954 421 1034 „prius
457 956 708 1014 traditum
742 976 759 1029 3
797 959 851 1015 id
887 976 1065 1016 autem
1105 975 1414 1015 excraneum
1450 962 1518 1018 &-
1547 954 1762 1017 falsum,
1790 953 1945 1030 quod

240 1029 539 1107 „posterius
566 1031 872 1092 immissum.
947 1032 1147 1092 Veritas
1175 1033 1385 1108 semper
1408 1033 1677 1105 antiquior
1701 1035 1762 1091 &
1794 1032 1947 1104 priot

240 1111 317 1166 est
348 1125 530 1163 errore
577 1125 592 1165 τ
667 1110 911 1166 Vetustas
949 1108 1065 1165 sane
1099 1112 1314 1166 novitati
1347 1105 1703 1182 praeferenda,
1740 1108 1831 1162 ubi
1872 1104 1950 1162 de·

239 1184 494 1257 dogmate
520 1198 610 1238 aut
638 1200 769 1239 vero
804 1186 1201 1259 Scripturarum
1236 1183 1384 1241 sensu
1420 1184 1482 1241 lis
1511 1183 1584 1239 est
1617 1185 1756 1238 inter
1776 1197 1946 1255 quos·-

240 1258 366 1315 dam
397 1258 715 1313 recentiores
767 1273 853 1327 15.
910 1275 1002 1316 aut
1063 1262 1147 1318 16.
1197 1260 1417 1320 saeculis,
1456 1263 1518 1318 &
1550 1257 1677 1313 alios
1709 1273 1819 1313 uno
1851 1268 1946 1314 aut

239 1332 419 1390 tribus·
432 1331 637 1388 tantum
666 1330 861 1390 saeculis
895 1334 961 1389 ab
980 1335 1365 1407 Apostolorum
1395 1350 1513 1388 aevo
1537 1348 1800 1392 remotos,
1829 1328 1944 1389 imo

239 1406 362 1482 ipsis
396 1405 663 1480 Apostolis
701 1407 1051 1466 succedentes.
1161 1408 1270 1465 Hic
1300 1410 1443 1463 enim
1493 1424 1603 1462 non
1650 1408 1826 1478 agitur
1872 1403 1945 1462 de

240 1481 606 1541 constituenda
669 1482 935 1556 Religione
986 1481 1279 1540 secundum
1335 1482 1612 1539 arbitrium
1674 1481 1948 1544 nostrum,

240 1573 333 1615 aut
364 1557 432 1613 de
466 1556 817 1632 intelligendis
866 1574 1027 1633 atque
1056 1558 1397 1632 explicandis
1434 1557 1629 1614 Christi
1678 1556 1949 1629 dogmatis

242 1638 305 1695 &
340 1633 533 1690 Literis
564 1632 730 1689 Sacris
752 1670 772 1695 ‚
811 1631 977 1706 prout
1011 1636 1224 1708 ingenio
1274 1635 1455 1690 nostro
1507 1630 1675 1706 magis
1717 1631 1946 1705 arridet3

241 1708 331 1766 sed
367 1710 545 1782 agitur
571 1706 641 1763 de
671 1706 1023 1782 suscipienda,
1043 1727 1134 1766 aut
1162 1708 1439 1766 retinenda
1459 1706 1759 1781 Religione‚
1781 1723 1948 1782 quam

241 1783 516 1845 Christus,
545 1783 854 1840 certiffimus
887 1786 1114 1841 veritatis
1141 1785 1424 1857 Magister,
1461 1783 1745 1844 revelavit,
1776 1787 1838 1843 &
1875 1781 1946 1840 de

243 1856 595 1932 intelligendis
632 1861 694 1917 &
715 1859 1040 1931 exponendis
1074 1860 1346 1917 codicibus
1377 1857 1553 1921 sacris,
1593 1856 1945 1933 quemadmo-

245 1933 380 1993 dum
413 1934 444 1989 ὃ
476 1932 802 1995 Christo‚&
830 1932 945 2007 ejus
977 1934 1249 2009 Apostolis
1287 1933 1530 1991 intellecti
1566 1933 1708 1995 sunt,
1739 1949 1832 1988 aut
1849 1947 1944 1988 ex·-

243 2008 418 2085 poiiti.
530 2008 718 2064 Nemo
766 2023 944 2064 autem
993 2009 1295 2066 credendus
1339 2009 1415 2066 est
1453 2008 1543 2065 hic
1581 2009 1748 2079 magis
1784 2004 1944 2070 scire,
1979 2059 1985 2062 ,

245 2084 409 2161 quam
445 2085 539 2158 qui
574 2099 664 2139 aut
700 2082 988 2157 Apostolos
1019 2083 1402 2156 praedicantes‚=
1427 2099 1518 2138 aut
1554 2080 1944 2155 Apostolorum

246 2158 575 2219 Succeffores
602 2157 814 2220 audire,
851 2161 913 2217 &
944 2175 1066 2232 quae
1099 2155 1250 2219 falsa,
1272 2174 1394 2232 quae
1425 2173 1550 2211 vera
1577 2153 1779 2218 forent,
1813 2173 1944 2229 pro-
1980 2197 1984 2200 -

244 2237 316 2293 be
343 2234 531 2293 callere
568 2247 860 2308 potuerunt
894 2238 956 2292 &
983 2231 1306 2288 debuerunt.
1376 2230 1607 2287 Econtra
1647 2248 1809 2288 nemo
1841 2233 1946 2290 mi·-
1982 2272 1986 2275 -

245 2310 348 2369 nus
380 2312 436 2367 in
470 2308 552 2365 his
578 2307 901 2369 audiendus,
923 2306 1086 2381 quam
1120 2309 1238 2380 qui,
1263 2323 1343 2363 tot
1377 2305 1573 2363 saeculis
1606 2306 1673 2363 ab
1706 2307 1944 2379 Aposto-

246 2387 424 2444 lorum
456 2399 603 2441 aetate
630 2385 848 2445 remoti,
872 2399 1043 2439 unum
1080 2380 1231 2438 suum
1266 2383 1540 2454 ingenium
1585 2380 1814 2457 judicem
1848 2381 1944 2443 sibi
1976 2430 1985 2437 ,.

248 2463 575 2519 constituunt
600 2462 650 2515 in
686 2460 812 2514 tanti
846 2459 1104 2514 momenti
1134 2457 1319 2519 rebus,
1354 2462 1414 2517 &
1454 2456 1544 2512 fibi
1578 2460 1795 2529 nuperis
1825 2459 1944 2513 cre-

250 2537 307 2594 di
342 2533 518 2615 potius
558 2533 862 2608 postulant,
904 2531 1070 2610 quam
1101 2535 1260 2591 coetui
1290 2534 1600 2609 antiquiori,
1630 2537 1692 2595 &
1728 2531 1940 2590 Christo

1803 2620 1865 2661 ac
