2144 2852
712 193 891 278 Q*
934 195 962 274 >
997 216 1039 257 0
1071 193 1349 277 (θῶ-ἒ
1800 211 1915 272 259

120 355 128 359 ·
206 339 277 388 ex
302 327 427 387 ¹sola
458 324 623 403 ipsus
641 328 847 388 Christi
885 345 1150 404 tanquam
1197 329 1426 388 Domini
1469 325 1754 387 voluntate
1790 327 1912 390 sunt

207 403 574 480 dispensanda.
641 406 795 463 Sicut
825 403 960 480 ergo
990 405 1056 462 ab
1087 404 1174 463 his
1203 404 1572 462 excluduntur
1599 402 1822 460 Ethnici
1850 405 1912 463 &

208 481 520 543 Publicani‚
552 477 627 536 ita
657 483 839 539 etiam-
858 483 896 538 ii
935 497 1005 538 ex
1042 479 1243 539 Christi
1274 494 1550 556 praecepto
1583 477 1911 536 excludendi

209 556 362 619 sunt,
389 572 531 632 quos
565 555 682 630 ipse
709 556 1075 614 Ethnicorum
1110 560 1174 617 &
1204 556 1632 614 Publicanorum
1667 554 1791 611 loco
1820 552 1913 628 ha÷

207 631 419 691 bendos
447 629 551 688 este
584 631 791 696 voluit,
813 648 976 708 atque
1009 635 1287 708 praecepit.

210 829 214 834 .
357 781 515 841 XIV.
583 779 968 841 Nihilominus
1001 781 1117 859 jam'
1145 780 1392 859 superius
1431 782 1628 856 Capite
1660 779 1731 837 V.
1759 779 1815 854 ς.
1843 775 1913 838 X.

208 855 453 924 breviter
488 858 926 916 animadversum
959 855 1092 921 fuit,
1129 857 1370 935 eousque
1406 857 1545 914 salvii
1583 854 1708 912 fidei
1742 858 1915 927 unitaf

210 947 265 988 te
287 950 418 990 cum
450 934 679 992 erronee
710 936 874 992 etiam
899 933 1248 994 sentientibus
1276 931 1705 992 condescendere
1732 930 1915 1004 Eccleg

208 1007 341 1065 fiam
390 1008 541 1083 poffe
583 1014 647 1071 ἃ(
697 1009 895 1072 solere,
935 1007 1086 1085 quod
1119 1010 1391 1067 ultimatas
1423 1007 1541 1064 suas
1572 1005 1915 1063 definitiones

204 1084 455 1156 provido
499 1085 725 1142 consilio
759 1089 819 1146 &
864 1086 1082 1143 morosa
1128 1087 1440 1143 maturitate
1487 1081 1703 1142 differat
1749 1093 1916 1157 atque

205 1157 525 1232 suspendat,
563 1160 784 1235 quando
813 1159 1016 1236 sperat,
1049 1179 1184 1221 mox
1216 1160 1307 1218 sua
1337 1161 1580 1216 novitate
1610 1173 1705 1214 aut
1715 1157 1917 1231 -finguss

206 1232 421 1292 latitate
457 1252 703 1292 errorem
736 1235 922 1299 illum,
957 1236 1055 1293 ubi
1084 1235 1260 1312 magis
1289 1235 1562 1310 eliquatus
1595 1229 1791 1295 fuerit,
1821 1231 1915 1289 de-

203 1307 474 1372 fiturum,
507 1328 577 1366 ne
604 1310 802 1368 scilicet
836 1311 939 1367 illae
961 1311 1341 1386 intempestive
1370 1323 1722 1383 erumpentes
1769 1326 1916 1370 erroq

208 1403 330 1443 rem
359 1385 588 1442 minime
619 1385 998 1460 compescant,
1038 1389 1211 1462 quieti
1246 1403 1427 1443 tamen
1466 1383 1714 1443 Ecclefiae
1746 1383 1917 1457 pluri<

208 1458 369 1516 mum
400 1459 789 1533 praejudicent:
851 1460 968 1517 Imo
1004 1462 1141 1537 ipsas
1173 1462 1290 1518 suas
1324 1459 1670 1516 definitiones
1696 1457 1916 1514 certiffi-

208 1550 495 1608 mam-quas
520 1537 685 1590 etiam
707 1535 944 1608 prodere
967 1537 1216 1597 intendit,
1238 1533 1399 1590 sslaesa
1413 1536 1640 1589 veritate
1657 1547 1916 1605 attempe-

207 1627 333 1665 rare
377 1613 439 1668 &
458 1610 710 1681 mitigare
748 1607 974 1666 subinde
1009 1611 1079 1666 ad
1116 1608 1480 1666 facilitandam
1501 1605 1711 1663 reditus
1746 1606 1915 1680 spem,

210 1683 506 1759 indignum
538 1699 650 1738 non
678 1681 916 1758 judicat3
941 1683 998 1740 id
1022 1684 1177 1759 quod
1194 1681 1920 1741 ConciliumTridentinum

209 1755 480 1816 referente
507 1757 943 1815 Eminentiffimo
972 1759 1282 1816 Palavicino
1306 1760 1362 1814 in
1392 1756 1483 1813 sua
1503 1755 1749 1813 Historia
1770 1757 1917 1814 Con-

210 1833 324 1891 cilii
363 1832 530 1890 Trid.
566 1833 675 1889 Lib.
706 1832 880 1890 XXII.
921 1834 1041 1908 Cap.
1079 1835 1169 1892 IV.
1204 1851 1356 1891 num.
1380 1849 1473 1903 27.
1511 1832 1781 1905 praestitit,
1819 1830 1916 1893 ubi

208 1923 514 1982 conceptus
546 1912 609 1968 &
634 1918 858 1982 paratus
896 1908 1006 1984 jam
1032 1906 1210 1967 fuerat
1253 1906 1377 1966 Sesst
1401 1907 1608 1963 XXIV.
1647 1907 1838 1964 Canon
1858 1922 1916 1976 7.

208 2003 345 2044 cum
392 1983 728 2040 anathemate
782 1985 840 2039 in
873 2002 969 2042 eos
991 2021 1008 2048 ‚
1096 1988 1155 2043 ui
1201 1983 1616 2041 matrimonium
1673 1980 1918 2038 consum·

208 2076 429 2117 matum
458 2058 533 2114 ob
568 2057 900 2116 adulterium
934 2059 1067 2118 diffo
1090 2064 1146 2118 vi
1181 2059 1440 2117 docerent
1476 2074 1493 2129 ;
1549 2054 1639 2112 sed
1672 2057 1917 2119 Oratori-

207 2136 322 2191 bus
354 2134 579 2191 Venetis
609 2134 1040 2207 exponentibus,
1079 2153 1191 2193 non
1221 2133 1499 2192 modicam
1532 2130 1659 2188 inde
1689 2128 1810 2188 fore
1837 2127 1918 2186 of-

209 2207 515 2266 -fenfionem
551 2207 817 2266 Orientali
858 2210 1148 2274 Eccleiiae',
1208 2207 1508 2285 praesertim
1549 2205 1685 2263 vero
1727 2205 1916 2262 Infulis

209 2286 429 2346 Crecae,
462 2284 666 2356 Cypri,
704 2284 961 2360 Corcyrae
994 2290 1056 2348 &
1088 2288 1206 2344 aliis
1257 2286 1389 2341 locis
1442 2281 1771 2356 Reipublicae
1810 2281 1916 2337 Ve-

210 2377 353 2418 uetae
402 2358 656 2420 subditis,
694 2375 808 2414 non
853 2359 1030 2419 solum
1079 2380 1210 2420 cum
1256 2358 1490 2435 publicae
1543 2358 1776 2441 quietis,
1825 2354 1917 2413 sed

210 2453 345 2492 cum
383 2431 630 2490 Ecclefiae
654 2432 948 2493 Catholicae
985 2437 1312 2495 detrimento
1329 2470 1344 2496 2
1369 2438 1431 2494 &
1467 2434 1660 2506 majori
1698 2431 1916 2492 Graeco,

207 2527 361 2571 rum-
393 2508 784 2581 abalimatione
805 2544 827 2572 2
868 2513 1062 2572 Canon
1092 2513 1189 2570 ille
1222 2524 1552 2585 temperatus
1582 2504 1720 2570 fuit,
1749 2510 1913 2571 &coo

1015 2589 1122 2649 Kk
1160 2606 1198 2645 2
1721 2599 1838 2662 quo
