2144 2852
649 189 661 202 ”
720 194 973 279 θῇ)
1003 200 1106 277 0(
1148 198 1323 278 *a*
1777 217 1901 278 1:179

187 333 549 393 existimatam·
585 327 755 390 fuiffe.
871 329 1049 390 Simul
1087 349 1147 388 ac
1173 349 1387 390 creatus
1414 332 1493 389 est
1526 323 1555 387 ἑ
1587 331 1713 389 Deo
1747 332 1897 395 Ada-

187 429 312 468 mus
327 429 342 484 3
378 408 601 467 Author
631 408 861 464 Naturae
897 409 1049 464 Deus
1087 411 1148 468 &
1181 424 1440 465 creaturae
1465 408 1745 465 ‘rationalis
1765 427 1897 483 pro-

190 486 353 545 vidus
385 483 718 559 gubernator
756 483 833 539 illi
873 482 1095 540 infinitae
1131 484 1417 558 Sapientiae
1460 483 1566 540 suae
1601 482 1786 558 legem
1814 487 1891 542 in-

189 561 364 623 didit,
396 559 817 635 concreavitque
849 559 1164 633 sapientiam
1193 563 1254 620 δε
1286 558 1573 633 justitiam,
1607 557 1682 615 iit.
1702 577 1770 616 ex
1792 561 1892 619 Ec-

189 636 458 694 clesiastici
487 635 606 709 Cap.
640 651 722 707 17.
741 653 798 692 v.
824 650 876 705 ς.
899 648 950 691 et
953 631 1058 712 seq.
1083 650 1261 708 patet,
1284 650 1348 692 ut
1370 632 1636 692 nimirum
1658 634 1891 710 seipsum

187 730 248 768 re
290 728 431 774 eret,
472 727 636 786 atque
682 711 1030 785 posterorum
1081 710 1307 767 suorum
1345 728 1459 768 non
1494 709 1676 767 modo·
1705 712 1887 783 Pater,

189 786 241 844 se
315 792 377 849 &
413 788 684 861 Interpres
720 786 889 861 Legis
925 787 1145 844 Divinae
1183 785 1326 844 esset.
1406 786 1539 843 Inde
1574 785 1642 843 ab
1672 787 1891 846 Adamo

190 878 312 920 tum
346 863 584 937 Religio,
611 878 732 918 tum
769 878 1040 937 praecepta
1074 862 1299 918 moralia
1331 863 1678 937 particularia
1709 865 1764 918 in
1799 865 1891 921 Se-

190 938 351 996 thum
368 974 384 1001 ,
410 938 560 995 Enos
577 972 593 1000 ‚
626 936 888 1012 Sethique
912 937 1051 994 bene
1083 953 1327 994 moratos
1360 939 1612 1012 Nepotes
1641 937 1710 995 ad
1738 939 1890 996 Noe·-

188 1032 348 1072 mum
369 1013 542 1088 usque
568 1028 870 1088 propagata
894 1010 1050 1070 fuere
1073 1015 1129 1070 in
1152 1014 1306 1071 Statu
1327 1013 1557 1070 Naturae
1594 1029 1717 1071 ante
1753 1013 1894 1072 dilu-

190 1092 364 1147 vium.
411 1089 700 1145 Noemum
765 1086 906 1145 ostea
928 1088 1141 1147 secutus
1182 1090 1258 1145 est
1289 1089 1484 1147 Semus
1501 1123 1518 1151 ‚
1547 1107 1608 1146 ac
1640 1092 1893 1164 inprimis

188 1165 536 1223 Abrahamus
583 1165 715 1222 Anti
763 1182 820 1220 es
867 1165 1155 1239 Sapientiae
1201 1165 1488 1227 Summus,
1526 1163 1684 1239 cujus
1722 1164 1894 1223 haeres

189 1243 370 1298 extitit
390 1234 607 1315 ,Jsaacus
628 1275 644 1302 ‚
663 1238 692 1296 a
731 1257 846 1314 quo
880 1241 937 1297 in
966 1239 1242 1316 Jacobum
1269 1274 1286 1303 ‚
1327 1243 1389 1301 ὅτ.
1419 1239 1486 1296 ab
1520 1237 1629 1298 hoc
1661 1241 1720 1297 in
1753 1240 1894 1299 filios

187 1331 491 1392 propagata
525 1313 780 1390 pluribus
811 1313 916 1372 sese
951 1317 1288 1390 argumentis
1324 1315 1589 1390 prodidit.
1704 1317 1896 1374 Paren-

191 1409 270 1450 tes
300 1391 496 1448 scilic'et
544 1407 663 1447 tum
701 1389 826 1448 suos
866 1393 1077 1467 quique
1114 1391 1315 1448 liberos
1351 1390 1697 1454 erudierunt,
1737 1392 1894 1450 resti-

229 1486 302 1524 ue
334 1471 396 1527 &
431 1465 640 1522 honesti
685 1483 799 1522 non
848 1464 1030 1523 minus
1064 1465 1344 1523 elementis
1379 1501 1395 1528 ‚
1451 1465 1618 1540 quam
1658 1485 1793 1523 vero
1830 1468 1899 1524 de

107 1553 109 1555 ’
189 1485 447 1614 ἓιιρῑειῃο
487 1542 737 1596 Numine
777 1539 925 1598 sensu
957 1541 1292 1615 imbuerunt.
1405 1540 1513 1597 Sed
1553 1540 1665 1614 ipsa
1699 1541 1791 1596 illa
1822 1541 1895 1598 sa·

192 1618 397 1694 pientia
418 1632 517 1689 per
550 1613 760 1688 lapsum
786 1615 986 1671 Adami
1005 1651 1021 1677 ‚
1041 1613 1292 1689 quamvis
1315 1632 1427 1670 non
1457 1618 1676 1687 penitus
1704 1615 1897 1691 deper÷

194 1694 333 1752 dita,
370 1706 462 1747 aut
501 1688 760 1751 extin&a‚
793 1688 1032 1745 multum
1065 1704 1247 1744 tamen
1283 1689 1468 1763 quoad
1496 1690 1726 1747 Naturae
1758 1710 1896 1767 quo-

194 1785 304 1846 que
354 1765 618 1840 sphaeram
657 1762 938 1820 vulnerata
958 1798 976 1826 ‚
1016 1766 1306 1820 imminuta
1338 1768 1400 1825 &
1433 1762 1748 1823 labefastata
1778 1765 1896 1824 fue-

193 1861 274 1901 rat
305 1863 321 1899 :
362 1840 516 1916 quod
550 1839 638 1896 vel
675 1837 853 1913 ipsum
888 1838 1024 1896 illud
1055 1838 1297 1896 filiorum
1324 1839 1511 1900 Dei&
1533 1839 1773 1897 filiorum
1801 1842 1899 1903 ho-

191 1922 407 1977 minum
430 1914 742 1976 discrimen,
771 1918 827 1970 in
850 1915 1008 1972 Sacra
1031 1916 1311 1989 Scriptura
1342 1931 1475 1971 mox
1510 1933 1895 1980 memoratum,

195 1991 406 2071 liquido
435 1991 552 2048 satis
579 1988 892 2047 manifestat.
972 1989 1133 2048 Unde
1163 1989 1299 2047 nihil
1323 2007 1442 2047 tum
1473 1990 1748 2048 insolitum
1774 1989 1896 2060 fuit.

196 2069 348 2147 quod
391 2069 544 2126 Deus
595 2065 820 2142 ipsemet
858 2067 1039 2124 Patres
1087 2063 1419 2122 familiarum
1453 2083 1759 2140 perpaucos
1790 2068 1896 2125 suis

195 2143 624 2219 apparitionibus
661 2141 780 2199 satis
813 2138 1220 2218 frequentibus,
1251 2146 1311 2202 &
1332 2139 1692 2199 familiaribus
1725 2143 1896 2201 veluti

195 2219 485 2292 colloquiis
514 2219 827 2280 instrueret,
867 2234 935 2273 ex
972 2216 1174 2293 quibus
1209 2217 1406 2292 reliqui
1444 2216 1716 2276 scientiam
1747 2219 1896 2278 illam

195 2295 476 2352 haurirent
506 2309 522 2364 3
562 2310 624 2348 ae
674 2309 804 2348 cum
839 2292 954 2352 Reli
997 2297 1122 2349 ione
1168 2297 1229 2353 &
1268 2292 1404 2348 hanc
1440 2293 1696 2357 continua
1736 2295 1898 2351 tradi-

196 2373 345 2427 tione
378 2367 760 2441 propagarent.
839 2367 939 2424 Me
981 2371 1045 2424 iis
1078 2368 1327 2442 pluribus
1362 2367 1669 2425 extrinsecis
1706 2368 1897 2427 huma-

181 2461 324 2503 nam
352 2443 1222 2518 ignorantiam&imbecillitatem
1248 2443 1632 2517 adjuvandam,
1646 2442 1898 2501 sustinen-
1979 2502 1985 2507 ,

197 2519 433 2597 damque
451 2518 796 2578 existimavit.
874 2519 1094 2650 Pati-arg
1110 2520 1286 2575 statim
1310 2519 1466 2576 Caini
1500 2517 1817 2652 homicidi?
1830 2538 1900 2579 ne

1133 2612 1171 2651 2
1703 2614 1762 2652 re
1783 2615 1823 2653 1-
