2144 2852
785 208 1389 294 &offmwssboffl
1856 222 1928 295 ss

222 344 330 404 hos
355 359 452 420 par
470 342 552 402 'est
585 341 714 402 nihil
738 343 807 402 de
845 346 993 409 Deo,
1015 341 1240 421 ejusque
1260 343 1410 402 cultu
1433 340 1586 402 scire:
1602 338 1819 401 admissa
1837 358 1933 400 au-

226 431 338 479 tem
375 420 832 477 demonstrationis
867 421 1152 478 intrinsecae
1182 420 1474 478 necestitate
1499 418 1550 475 hi
1587 437 1774 477 ornnes
1801 434 1930 477 cum

225 496 453 554 rudibus
500 499 561 555 ὃς
599 495 759 552 crassa
808 495 1054 552 Minerva
1092 494 1269 551 afflatis
1299 498 1639 557 arbitrantes,
1663 512 1772 551 non
1823 493 1931 550 fine

223 571 517 628 rationibus
550 571 975 628 demonstrativis
1012 569 1114 626 effe
1141 569 1472 627 credendum
1494 607 1512 632 2
1552 587 1827 645 nunquam
1862 569 1931 624 ad

225 662 410 701 veram
466 646 790 718 Religionem
846 648 1192 719 pervenient,
1233 648 1358 719 quia
1397 663 1675 720 nunquam
1708 644 1932 708 obscura

227 724 290 780 &
322 719 486 776 ardua
522 720 767 794 quaedam
809 721 1086 795 Religionis
1124 737 1306 777 arcana
1348 719 1459 776 satis
1492 723 1609 777 sunt
1638 719 1933 776 intelleEtu-

226 798 290 853 ri.
369 797 552 869 Atque
581 794 693 851 haec
725 795 825 868 ipsa
855 796 1077 853 demum
1116 794 1223 868 (f)
1261 794 1346 851 vel
1384 798 1607 851 maxima
1644 796 1719 851 est
1757 797 1931 851 nostra

227 867 498 944 tonusque
529 870 712 943 populi
749 869 1024 927 Christiani
1052 868 1298 934 felicitas,
1327 871 1478 946 quod
1506 887 1651 927 nunc
1684 868 1846 926 rudes
1871 875 1934 935 &

225 944 455 1006 indofilb
491 944 748 1019 fimplices
774 946 992 1013 aniculae
1025 945 1329 1002 Christianae
1371 948 1425 1005 in
1465 945 1662 1002 ultimis
1696 957 1848 1001 terrae
1874 944 1935 1000 fi-

220 1019 382 1077 nibus
428 1019 754 1077 Canadenses
792 1023 927 1078 inter
967 1021 1218 1078 Barbaros
1255 1020 1579 1083 vistitantes‚
1620 1025 1681 1081 &
1719 1019 1929 1093 parvuli

223 1094 332 1152 fide
367 1095 602 1152 instruffl
640 1114 839 1170 magno
879 1101 940 1158 &
974 1097 1124 1153 brevi
1163 1095 1318 1152 solius
1358 1096 1687 1152 authoritatis
1721 1095 1932 1151 Divinae

224 1170 504 1227 revelantis
526 1171 875 1245 compendio,
902 1188 1092 1247 utpote
1117 1173 1323 1228 motivo
1353 1188 1458 1227 tam
1490 1170 1745 1233 rudibus,
1767 1173 1933 1244 quam

223 1245 397 1303 doElis
420 1243 571 1303 facile
605 1247 942 1320 cognoscibili
984 1247 1209 1320 majores
1242 1264 1302 1303 ac
1334 1246 1664 1303 sublimiores
1690 1249 1934 1304 veritates

222 1318 418 1378 certius
466 1321 822 1395 cognoscant,
877 1321 1040 1398 quarn
1088 1324 1266 1380 omnia
1314 1322 1443 1379 olim
1482 1321 1934 1396 Philosophorum

222 1413 285 1454 ac
324 1397 632 1469 Sapientfim
666 1397 1022 1455 Ethnicorum
1060 1397 1254 1472 Lycaea
1290 1400 1490 1471 ingenii
1537 1396 1612 1454 sui
1643 1400 1748 1454 acie
1778 1399 1935 1453 attin*

223 1487 382 1544 gere,
417 1488 508 1529 aut
539 1475 751 1529 immani
799 1472 983 1530 labore
1017 1472 1208 1548 assequi
1261 1476 1559 1546 potuerint,
1599 1470 1661 1527 ut
1709 1471 1934 1542 ipsemet

227 1546 470 1603 Christus
524 1548 790 1604 Dominus
839 1549 977 1604 Patri
1028 1548 1122 1604 suo
1181 1551 1370 1620 gratias
1419 1563 1582 1618 agens
1617 1545 1935 1608 confitetur,

229 1619 381 1694 quod
406 1621 736 1679 absconderit
759 1623 848 1679 ista
877 1624 905 1678 a
935 1621 1353 1696 sapientibus‚&
1380 1621 1696 1676 revelaverit
1726 1638 1786 1675 ea
1810 1638 1932 1693 par-

225 1695 379 1752 vulis,
454 1696 649 1768 Maiori
679 1696 823 1752 certe
857 1713 985 1753 curn
1041 1695 1297 1768 dignitate
1335 1694 1611 1752 consulere
1643 1693 1931 1752 infirmitati

227 1772 418 1828 nostrae
451 1788 562 1827 non
603 1765 994 1843 potuit'Deus‚
1041 1768 1205 1844 quam
1243 1786 1303 1826 ut
1336 1771 1524 1826 nostrae
1560 1770 1801 1826 misertus
1836 1770 1932 1826 he-

228 1843 521 1909 betudinis,
550 1846 727 1902 noster
746 1845 967 1921 ipsemet
987 1844 1194 1903 Doaor
1223 1847 1568 1920 &interpres
1593 1844 1693 1902 esse
1718 1845 1894 1906 vellet.

243 2048 246 2051 .
355 1995 499 2054 Vm.
534 1993 906 2056 Nihilominus
930 1995 1173 2072 exigebat
1192 1995 1536 2072 providentiae
1556 1996 1765 2053 Divinae
1789 1995 1933 2054 sum-⁴

228 2085 317 2126 ma
347 2075 509 2134 ratio,
573 2090 653 2128 uae
688 2070 850 2133 finem
887 2073 1140 2136 intendit,
1186 2091 1245 2130 ut
1277 2073 1446 2129 media
1482 2090 1706 2146 quoque
1739 2073 1802 2127 ad
1835 2072 1931 2128 ob-

228 2146 506 2202 tinendum
584 2147 1011 2206 nem'neceffaria
1048 2153 1107 2208 &
1155 2150 1556 2222 proportionata
1590 2148 1931 2219 adjungeret:

230 2220 419 2294 Atque
454 2221 579 2276 ideo
614 2221 716 2293 jam
754 2222 1251 2297 supra‚impresl'am
1285 2222 1588 2279 hominibus
1622 2220 1722 2275 esse
1765 2238 1931 2293 gene-s

228 2295 391 2349 ricam
422 2295 690 2367 quandam
719 2315 856 2354 verae
877 2298 1155 2372 Religionis
1179 2296 1721 2359 ideam‚asseruimus‚
1741 2312 1804 2350 ex
1833 2313 1931 2353 cu-.

229 2368 313 2443 jus
342 2370 691 2443 applicatione
716 2389 946 2446 pronum
977 2379 1037 2434 &
1067 2371 1214 2431 facile
1240 2372 1299 2428 fit
1334 2388 1512 2427 veram
1538 2370 1566 2424 a
1587 2369 1717 2425 fallis
1738 2369 1929 2426 discet-⁹

230 2460 362 2502 nere
402 2461 416 2501 ε
489 2444 635 2500 Tota
670 2463 719 2502 ta
779 2464 844 2503 en
878 2447 963 2504 illa
992 2448 1105 2504 idea
1146 2464 1254 2503 non
1302 2462 1611 2518 argumenta
1650 2447 1930 2515 mysterio-

151 2584 158 2592 *
231 2534 358 2581 rum
389 2517 512 2582 fidei
539 2521 699 2583 intrin
723 2539 814 2583 eea
844 2526 906 2587 δι
936 2522 1344 2655 ἀοηιὲηίὶτειίνα
1374 2522 1634 2586 continet,
1667 2518 1751 2606 led
1792 2536 1928 2591 prae-

1673 2610 1855 2669 cipuas
