2144 2852
283 197 389 266 184
828 179 1027 274 uu·
1073 138 1245 272 >0⁶<
1286 193 1461 275 θεῶ

271 320 376 378 bus
409 321 605 379 iisdem
628 356 645 386 ,
683 339 744 381 ac
773 326 916 384 inter
948 326 1190 404 reliquos
1223 325 1584 404 Pythagorae,
1612 326 1820 395 Platoni
1861 346 1969 404 ma,

270 396 446 460 xime,
483 397 595 455 imo
631 403 691 460 &
717 401 920 469 Stoicis
944 403 1065 480 jure
1101 402 1196 461 suo
1227 403 1504 460 tribuitur.
1616 403 1859 460 Eosdem
1884 424 1976 462 ve-

269 474 332 531 ro
356 472 527 531 multa
556 491 624 531 ex
660 476 787 550 ipsis
808 478 1023 536 Veteris
1049 480 1386 538 Testamenti
1410 478 1562 536 libris
1587 477 1837 542 hausisse,
1863 494 1975 538 non

269 551 348 607 est
380 549 630 607 dubium.
730 553 942 612 Stoicos
977 554 1392 612 cum-dofflina
1426 553 1755 616 Christiana,
1828 557 1976 613 aucis

268 625 512 687 refesti&
550 628 609 682 in
640 626 920 704 plerisque
959 630 1320 693 concordare,
1349 629 1684 687 confidenter
1707 649 1744 691 a
1784 633 1886 687 erit
1919 631 1975 688 S.

270 704 650 775 Hieronymus
683 703 740 759 in
759 701 866 782 ffiti.
899 719 1007 782 cap.
1037 713 1091 772 8.
1153 705 1321 765 ,Plato
1360 703 1494 763 vero
1530 703 1753 780 Moyses
1785 707 1978 764 Attici·-

266 797 398 835 zans
410 813 426 842 ‚
463 783 736 858 ὠττιιιὶζων,
768 781 880 837 sive
915 780 1099 839 Attice
1134 781 1366 858 loquens
1406 780 1436 838 {i
1471 782 1760 838 Numenio
1794 779 1977 839 Philo·-

265 853 441 928 sopho
478 854 827 931 Pythagoreo
859 856 1037 921 dietus
1071 857 1172 920 est,
1205 873 1270 914 ut
1298 858 1455 933 Juris
1484 855 1777 931 propterea
1799 856 1978 913 Natu-

266 930 392 987 ralis
421 927 631 994 fontes,
668 930 887 1008 regulas
906 968 922 996 ‚
956 948 1024 989 ex
1067 932 1453 1008 licationesque
1492 932 1717 989 Platone
1749 928 1974 989 uberius

265 1005 537 1063 tradidisse
575 1009 881 1071 neminem,
906 1026 1004 1066 cen
1027 1023 1111 1065 eat
1158 1007 1463 1080 Boeclerus;
1500 1011 1564 1068 &
1595 1009 1828 1063 miretur
1860 1007 1973 1065 Do-

263 1081 722 1157 ffiffim.-F1eury
746 1119 763 1146 ,
813 1101 914 1140 cur
943 1101 1057 1141 non
1105 1083 1226 1160 ejus
1262 1079 1450 1158 potius
1489 1084 1972 1140 commentationes

263 1173 378 1214 tam
403 1157 611 1214 Sanffis
645 1158 895 1216 Patribus
930 1159 1066 1216 olim
1103 1175 1347 1234 acceptas
1376 1163 1438 1220 &
1463 1154 1782 1220 familiares,
1805 1154 1972 1231 secuti

265 1250 328 1289 ac
354 1234 691 1306 interpretati
711 1232 811 1289 sint
830 1234 1101 1291 Doaores
1130 1234 1457 1295 Christiani,
1482 1232 1646 1308 quam
1668 1231 1973 1290 Aristotelis
2015 1280 2017 1283 .

265 1306 386 1363 satis
417 1306 750 1382 quandoque
774 1306 994 1381 jejunas.
1054 1308 1391 1382 Pythagoras
1417 1307 1551 1365 vero
1569 1308 1783 1364 Samius
1799 1306 1970 1381 pluri-

264 1399 424 1440 mum
443 1381 672 1457 quidem
687 1381 1004 1439 Thracibus
1020 1383 1415 1457 AEgyptiisque
1425 1417 1440 1444 ‚
1453 1381 1695 1438 multum
1715 1397 1896 1437 tamen
1909 1385 1971 1443 &

262 1457 478 1535 Judaeis
494 1456 700 1516 debuit.
754 1457 1008 1515 Clemens
1018 1457 1420 1515 Alexandrinus
1438 1455 1572 1514 adeo
1590 1455 1971 1514 circumcisum

266 1532 426 1589 illum
446 1529 602 1588 fuisse
627 1532 808 1589 tradit.
885 1534 1059 1590 Vixit·
1077 1536 1254 1595 enim,
1291 1531 1804 1607 peregrinandoque
1839 1528 1971 1589 eum

264 1608 391 1667 alias
413 1609 695 1682 regiones,
731 1623 854 1664 tum
887 1607 1124 1664 maxime
1137 1607 1409 1664 Persidem
1448 1607 1695 1664 lustravit
1730 1625 1798 1663 eo
1831 1622 1967 1670 tem-

266 1703 432 1760 pore,
449 1701 562 1758 quo
585 1682 768 1757 Judaei
792 1682 971 1750 Persas
985 1683 1424 1759 Babyloniosque·
1440 1685 1580 1740 inter
1604 1681 1784 1739 adhuc
1806 1682 1968 1756 dege·

263 1761 396 1817 bant
418 1760 648 1833 captivi5
675 1757 824 1815 unde
846 1756 1001 1815 facile
1026 1759 1123 1833 ipsi
1146 1756 1253 1815 fuit
1270 1759 1566 1834 &Judaeos
1587 1757 1745 1814 simul
1769 1756 1969 1816 habere

263 1835 564 1910 Magistros
608 1832 826 1889 suarum
875 1833 1250 1891 dostrinarum
1277 1869 1295 1897 ‚
1346 1838 1408 1894 &
1442 1834 1660 1908 Magos
1777 1833 1971 1910 Qud?

266 1909 421 1988 quod
449 1908 643 1966 Daniel
677 1907 949 1982 Propheta
988 1909 1244 1983 Princeps
1281 1907 1497 1966 habitus
1533 1909 1609 1965 est
1645 1909 1965 1983 Magorum,

306 1988 364 2042 ui
415 2000 538 2041 tum
582 1985 761 2041 extitit
808 1982 1248 2059 septuagenarius
1285 1981 1427 2046 fere,
1467 1981 1597 2054 cum
1627 1982 1965 2057 Pythagoras

263 2065 281 2118 i
324 2061 471 2118 idem
510 2059 827 2117 versaretur.
907 2058 1140 2132 Moysen
1182 2076 1410 2133 quoque
1441 2059 1573 2132 legit
1604 2058 1733 2114 teste
1765 2058 1963 2117 eodem

261 2136 548 2196 Clemente
583 2133 953 2193 Alexandrino
988 2134 1099 2189 Lib.
1136 2133 1388 2190 Stromat.
1427 2134 1485 2189 V.
1527 2132 1765 2207 indeque
1802 2151 1963 2208 regu-

263 2213 338 2270 las
382 2211 499 2269 suas
533 2207 762 2269 minime
801 2207 1125 2287 spernendas
1161 2226 1359 2291 magna
1385 2226 1454 2267 ex
1487 2224 1644 2284 parte
1675 2207 1752 2265 est
1778 2225 1962 2270 mutu·

256 2303 401 2348 atus.

1654 2508 1887 2590 XLNee
1940 2576 1942 2578 v
