2144 2852
748 193 929 282 ᾧῷ
974 203 1002 279 )
1039 222 1078 262 0
1115 196 1143 280 (
1185 202 1360 282 ᾖξ’
1797 215 1917 278 αις

206 335 430 392 terium.
496 333 744 392 “Nonnisi
767 335 1138 411 dependenter
1154 335 1190 393 *a
1212 335 1435 411 'Judic'io
1462 328 1723 396 Ecclesiae,
1739 337 1799 394 δι’.
1820 326 1917 391 do·-

203 426 394 485 ‘gmata
427 410 494 466 ab
529 409 630 467 hac
663 409 876 468 tantum
908 411 1162 486 probata,
1200 411 1443 486 impensa
1476 406 1805 468 extrinsecus
1828 407 1915 465 fir·-

210 489 399 542 ‘mitate
433 492 494 547 &
527 487 768 544 custodia
804 484 1257 550 corroborarunt,
1298 490 1362 543 iis
1395 488 1745 562 pertinaciter
1774 484 1915 542 relu-

199 561 414 619 :stantes
440 565 616 637 poenis
637 562 1034 637 temporalibus
1055 561 1430 638 supponendo.
1507 561 1800 619 Ecclesiam
1824 579 1916 618 au-

198 636 469 694 ·diendam
500 642 561 698 &
591 635 920 714 sequendam
953 636 1058 694 esse
1092 637 1380 696 edixerunt
1398 653 1496 695 *tot
1531 639 1675 694 notis
1708 640 1768 697 &
1791 635 1916 693 chai-

196 711 510 769 ·ra&eribus
545 712 837 788 insignem,
876 729 941 771 ut
972 729 1136 770 nemo
1173 713 1474 789 prudenter
1507 712 1759 770 dubitare
1796 709 1917 787 posi
1995 713 1999 717 ’

197 785 274 844 ‘fit
304 788 374 844 de
406 787 760 865 Divina'ejus
798 791 1049 865 origine:
1089 794 1151 851 &
1184 789 1300 847 haec
1324 787 1454 847 cum
1489 786 1693 846 Divina
1723 786 1917 844 autho-

201 865 365 920 ritate
397 865 609 921 munita
642 867 703 925 &
735 865 945 923 Divino
980 866 1192 940 Spiritu
1228 863 1421 922 edofi’ta
1453 864 1569 921 illas
1598 876 1916 920 controver-

194 939 304 995 <fias
337 955 662 1014 componat,
695 957 808 1007 non
845 939 1083 997 humana
1117 941 1466 1017 Principum,
1501 956 1682 1015 neque
1716 937 1918 995 Praesu-

197 1015 326 1071 ium
361 1015 613 1072 voluntas
628 1051 648 1078 ‚
700 1015 791 1072 sed
825 1016 1028 1074 DIvIna
1063 1015 1281 1074 tantum
1316 1015 1617 1073 authoritas
1654 1029 1918 1089 tanquam

198 1107 400 1146 norma
428 1090 831 1149 credendorum
867 1092 934 1148 ab
972 1091 1179 1149 eisdem
1211 1109 1317 1168 per
1348 1107 1536 1166 poenas
1570 1088 1821 1146 salutares
1857 1092 1919 1151 δε

207 1165 356 1241 leges
386 1165 697 1240 Imperiales
728 1168 1028 1242 exponitur
1046 1187 1065 1223 ι
1103 1167 1189 1226 uti
1219 1181 1446 1242 apparet
1478 1181 1546 1222 ex
1577 1164 1747 1240 Epist.
1773 1165 1919 1222 Con-

196 1240 421 1297 ''stantini
449 1242 645 1316 Magni
674 1241 747 1299 ad
770 1242 1199 1302 Alexandrinam
1221 1241 1515 1300 Ecclesiam
1548 1239 1699 1315 apud
1730 1241 1918 1297 Socra-

195 1330 323 1372 <tem
352 1315 462 1372 Lib.
480 1316 524 1373 1.
550 1329 659 1391 cap.
683 1332 739 1390 9.
763 1317 861 1374 ubi
897 1319 972 1375 ait
995 1338 1013 1373 z
1090 1353 1128 1382 „
1150 1318 1303 1375 Nam
1330 1317 1484 1392 quod
1517 1317 1772 1373 trecentis
1803 1314 1919 1389 pla·

210 1393 365 1455 „cuit
394 1391 681 1466 Episcopis
705 1428 723 1455 ,
773 1392 928 1451 nihil.
951 1393 1100 1451 aliud
1142 1393 1566 1450 existimandum
1598 1392 1711 1454 est,
1751 1388 1919 1465 quam

198 1467 353 1528 '‚‚Dei
366 1464 619 1542 'sententia
637 1501 657 1528 ‚
699 1467 1004 1541 praesertim
1037 1466 1183 1524 ⁴tum
1233 1470 1290 1524 in
1336 1483 1618 1525 tantorum
1664 1467 1919 1521 virorum

211 1540 525 1603 „mentibus
560 1540 791 1598 insidens
839 1543 1075 1616 Spiritus
1121 1541 1352 1599 Sanctus
1395 1542 1651 1598 Divinam
1683 1539 1920 1601 volunta·-

209 1628 357 1679 „tem
388 1617 603 1688 aperuit
626 1634 644 1670 z
672 1649 709 1678 „
781 1615 859 1671 -Et
896 1616 1046 1672 idem
1079 1618 1137 1671 in
1172 1616 1277 1672 alia
1312 1615 1555 1689 Epistola
1589 1616 1754 1672 citato
1793 1614 1917 1671 loce
1963 1647 1968 1652 ·

203 1690 536 1766 generaliter
564 1688 712 1746 hane
742 1688 1132 1756 authoritatem
1164 1690 1382 1764 legibus
1429 1688 1918 1747 suis-definitiones

210 1765 615 1840 Episcoporum
652 1763 887 1839 urgendi
925 1768 987 1824 &
1015 1766 1194 1839 poenis
1226 1764 1453 1839 adjectis
1489 1765 1918 1822 animadverten-

207 1843 271 1900 <di
301 1843 357 1897 in
383 1857 508 1902 eos,
540 1841 637 1915 qui
666 1838 735 1896 ab
768 1837 876 1895 illis
907 1839 1161 1896 recedere
1197 1839 1306 1896 ausi
1340 1837 1575 1901 fuerint,
1606 1839 1735 1896 inde
1764 1849 1918 1912 repe-

200 1920 282 1975 tit
301 1951 319 1979 ‚
377 1912 530 1989 quod
565 1913 841 1990 quidquid
892 1916 949 1970 in
994 1913 1185 1972 sanctis
1221 1913 1623 1989 Episcoporum
1655 1913 1920 1971 Conciliis

201 2011 209 2019 ·
285 1993 428 2048 ritur
448 2025 466 2054 ,
515 1989 575 2047 id
609 2007 775 2046 omne
829 1988 898 2046 ad
946 1989 1204 2047 Divinam
1234 1989 1556 2047 voluntatem
1590 1988 1653 2046 sit
1683 1985 1919 2046 referen-

207 2099 209 2101 ·
253 2083 368 2124 um.
445 2063 604 2124 Adeo
636 2063 834 2122 seilicet
858 2064 928 2121 ab
958 2064 1247 2123 Atheismo
1284 2067 1435 2122 omni
1467 2063 1920 2122 hochatholico-

203 2157 346 2198 rum
405 2139 812 2214 Imperatorum
868 2141 1168 2215 imperium
1218 2146 1283 2201 ·&
1320 2139 1637 2198 rationabile
1669 2137 1920 2196 fidelium

203 2214 545 2289 ‘obsequium
584 2212 888 2289 longissime
932 2214 1082 2272 abest
1117 2234 1136 2288 3
1212 2217 1399 2291 Atque
1433 2232 1504 2271 ex
1539 2214 1627 2270 his
1665 2215 1922 2273 omnibus

204 2287 627 2348 moderatarum
648 2305 937 2363 poenarum
971 2290 1174 2367 justitia
1195 2290 1504 2347 luculenter
1530 2288 1772 2365 patescit.
1894 2321 1897 2324 -

368 2433 491 2495 XV.
529 2436 725 2499 Sed&
750 2437 1067 2498 charitatem
1101 2457 1230 2497 cum
1262 2440 1350 2496 his
1380 2439 1761 2498 vexationibus
1782 2453 1922 2496 ,con-

207 2510 468 2603 ‘iunfikam
495 2508 708 2590 semper
735 2511 892 2574 fuifle
908 2548 926 2581 ‚
954 2531 1012 2573 at
1047 2533 1126 2604 pe
1160 2531 1230 2573 ex
1260 2531 1447 2575 mente
1484 2511 1799 2649 spiritfiqlu}
1821 2515 1923 2573 Eo-

278 2619 283 2622 ·
321 2615 327 2624 ⁵
1085 2607 1116 2648 e
1141 2607 1182 2650 2
1680 2607 1710 2648 c
1731 2608 1760 2649 e
1781 2610 1846 2650 1ae
