2144 2852
235 241 312 302 42
788 220 1394 303 *cuncos*

365 355 504 413 XIII.
542 354 773 413 Gemino
811 358 988 431 itaque
1019 355 1320 413 charactere
1351 355 1485 413 fides
1513 369 1640 412 vera
1668 359 1730 417 &
1757 355 1936 413 divina

237 428 267 485 ἓ
298 427 420 488 falsa
459 430 764 490 discernitur
786 471 801 495 ,
838 432 1094 488 nimirum
1131 431 1505 507 dijudicatione
1555 430 1641 488 iila
1679 432 1936 495 Rationis,

234 523 296 563 ac
345 509 533 565 intimo
589 508 843 582 praeterea
889 509 1070 581 gratiae
1120 507 1343 564 Divinae'
1375 507 1661 582 impulsu:
1712 505 1939 565 assensus

232 584 376 638 enim
423 579 770 655 profanarum
803 583 1136 657 Religionum
1176 599 1275 640 nec
1312 585 1647 658 incorruptae‘
1670 581 1938 658 ejusmodi

230 656 457 714 Rationis
490 656 738 732 suffragio
770 658 1040 732 gaudere,
1067 675 1166 714 nec
1196 657 1225 714 a
1259 660 1422 731 gratia
1453 658 1641 714 Divina
1679 656 1939 732 proficisci

229 732 443 808 possunt
480 749 497 805 ς
538 733 605 790 Et
638 733 884 808 quamvls
927 736 1185 790 eXteriora
1233 734 1317 790 illa
1356 732 1478 789 fidei
1526 749 1838 807 argumenta
1873 738 1936 793 δε

232 808 409 866 media
433 809 683 865 omnibus
712 808 811 866 fint
845 808 1103 884 expofita3
1135 808 1341 865 donum
1374 824 1550 865 tamen
1579 808 1701 866 fidei
1729 807 1939 866 coeleste

231 883 370 958 justo
397 884 524 946 Dei,
536 884 932 959 perversitatem
949 884 1241 941 voluntatis
1254 884 1513 959 *bumanae
1549 886 1819 959 punientis
1829 923 1843 947 ‚
1853 884 1935 958 ju-

229 959 370 1015 dicio
406 977 514 1016 non
546 961 798 1016 omnibus
831 961 1127 1033 contingit:
1168 958 1356 1021 unde?
1380 958 1650 1034 perspecta
1687 958 1937 1016 humanae

228 1036 443 1091 rationis
480 1033 782 1092 infirmitate
815 1053 876 1092 ac
911 1034 1289 1097 imbecillitate,
1320 1039 1373 1090 in
1409 1033 1773 1107 cognoscenda
1807 1051 1935 1093 vera

225 1109 498 1184 Religione
534 1109 800 1185 reliquum
839 1110 950 1173 est,
986 1125 1046 1166 ut
1079 1108 1248 1166 homo
1280 1109 1383 1166 suae
1419 1109 1783 1167 imbecillitatis
1820 1127 1935 1165 me-

225 1202 348 1240 mor
390 1183 455 1241 ad
489 1184 668 1240 Deum
705 1187 950 1242 omnium
983 1184 1251 1241 luminum
1291 1185 1498 1241 Patrem
1536 1182 1838 1258 confugiat,
1867 1183 1935 1241 ab

226 1258 403 1333 eoque
441 1259 648 1318 cceleste
679 1261 783 1316 boc
817 1260 1024 1316 donum
1057 1262 1110 1316 in
1147 1260 1445 1316 humilitate
1477 1260 1746 1335 exposcat,
1772 1258 1931 1334 *quod

225 1335 471 1408 praestare
507 1333 762 1391 infinitam
797 1335 953 1409 ipfius
981 1334 1282 1409 sapientiam
1316 1340 1377 1395 &
1399 1335 1730 1392 clementiam
1762 1335 1931 1406 decet3

226 1425 286 1466 ac
317 1409 502 1466 divino
540 1409 645 1466 hoc
678 1408 864 1468 favore
895 1409 1153 1485 aspirante
1188 1408 1421 1467 multum
1453 1411 1707 1467 valebunt
1745 1409 1933 1465 huma-

225 1501 308 1541 nae
356 1488 547 1542 mentis
583 1486 751 1547 vires,
786 1503 837 1541 at
880 1504 946 1542 ue
983 1503 1081 1560 per
1109 1502 1193 1542 eas
1227 1486 1470 1560 cognosci
1510 1485 1759 1542 revelatio
1798 1484 1930 1540 Reli-

225 1561 402 1633 gionis
438 1577 580 1617 verae
614 1565 674 1621 &
713 1560 741 1617 a
777 1559 844 1618 fal
869 1578 913 1618 is
948 1577 1109 1636 atque
1145 1559 1678 1634 confistisidistingui
1720 1561 1932 1635 poterit,

228 1635 375 1692 Cum
424 1634 728 1693 infidelibus
774 1636 906 1693 vero
956 1636 1260 1699 obstinatis,
1308 1638 1402 1712 qui
1440 1635 1760 1711 plerumque
1799 1652 1933 1709 prae-

227 1727 492 1784 concepto
526 1714 580 1768 in
629 1712 957 1785 Religionem
1009 1711 1358 1768 Christianam
1405 1711 1533 1768 odio
1575 1713 1631 1766 &
1668 1711 1776 1768 aliis
1809 1706 1939 1767 affe-

230 1783 404 1842 &ibus
445 1784 622 1841 minus
663 1787 894 1843 honestis
928 1785 1185 1848 fascinati,
1225 1786 1414 1844 nolunt
1462 1802 1655 1843 tantam
1696 1789 1932 1843 motivo-

227 1876 351 1915 rum
384 1859 704 1916 evidentiam
742 1864 963 1924 intueri,
1005 1861 1215 1918 fervide
1238 1859 1415 1918 minus
1453 1864 1603 1919 nobis
1641 1863 1716 1919 est
1753 1860 1931 1932 dispu-

227 1933 484 1996 tandum,
530 1933 693 2010 quam
723 1952 843 2065 dpro
881 1939 940 1992 iis
976 1936 1241 1993 orandum
1267 1975 1284 1999 ‚
1321 1953 1382 1992 ut
1415 1937 1650 1994 studium
1686 1936 1928 1992 nostrum

226 2025 292 2063 ex
327 2009 576 2082 precibus
613 2027 719 2083 apu
793 2010 970 2067 Deum
1011 2011 1252 2084 proficiat
1281 2009 1347 2066 ad
1391 2009 1750 2069 auferendum
1787 2009 1927 2068 vela·

227 2099 353 2142 men
389 2083 458 2142 de
497 2084 768 2144 mentibus
802 2090 864 2147 δι
897 2086 1149 2143 cordibus
1176 2102 1384 2143 eorum.

1443 2562 1639 2649 CAP.
1662 2559 1808 2652 IV.
