2144 2852
775 219 1384 301 ὓῑξῠ)0(ῡὲᾣ
1865 242 1931 298 51

227 351 406 413 naum
442 349 578 415 fuit,
611 349 801 411 eleffio
838 353 1134 412 luculenter
1175 351 1418 413 ostendit.
1532 352 1739 426 Negari
1789 357 1935 416 enim

227 447 340 487 non
373 429 572 504 potest,
601 427 701 486 late
728 448 949 505 quoque
975 429 1526 488 Mahumetanismum
1564 429 1818 488 diffusum
1854 429 1936 491 fu-

229 504 355 563 iffe:
394 504 480 561 sed
506 503 631 561 nihil
662 508 716 561 in
742 524 809 563 eo
842 504 1025 562 videre
1055 506 1154 568 est,
1177 505 1269 563 nisi
1299 507 1550 564 naturale.
1627 507 1816 564 Homo
1841 525 1938 564 au-

228 579 330 637 dax
364 585 425 641 &
456 580 715 656 eloquens
747 581 840 638 suo
890 583 944 638 in
978 582 1263 646 idiomate,
1299 599 1422 640 utut
1457 583 1693 659 alioquin
1728 582 1936 640 rudiffi-

226 673 352 713 mus
385 655 509 712 alios
542 655 703 712 rudes
735 655 814 713 sui
856 657 1044 714 similes
1075 657 1315 722 seduxit,
1352 663 1415 719 &
1447 657 1610 715 fidem
1645 657 1743 715 illis
1775 674 1937 738 expo-

224 730 328 788 suit
363 732 565 806 absque
606 733 857 806 mysterio
885 769 904 797 ,
956 732 1215 789 moralem
1255 731 1385 790 vero
1426 733 1642 790 illorum
1693 734 1945 807 moribus

225 805 590 867 conformems
615 812 678 868 &
710 811 885 882 pravis
918 808 1290 882 cupiditatibus
1327 809 1702 866 blandientem.
1778 809 1936 867 Hanc

225 882 525 943 doffrinam
557 885 713 940 armis
746 882 848 940 suis
883 882 1133 948 suffulsit,
1173 881 1447 961 terrasque
1483 883 1574 940 fibi
1610 889 1673 945 &
1707 881 1810 940 suae
1841 885 1938 958 Req·

221 955 406 1032 ligioni
455 958 771 1034 acquisivit,
817 978 951 1035 quas
997 959 1325 1018 Succeffores
1371 957 1574 1017 felicius
1613 956 1936 1038 longiusque

222 1031 549 1092 dilatarunt:
589 1033 678 1091 sed
715 1034 846 1092 nihil
884 1038 936 1092 in
972 1035 1054 1093 his
1087 1036 1342 1093 omnibus
1373 1036 1482 1099 est,
1519 1033 1672 1111 quod
1715 1033 1933 1095 cursum

222 1110 554 1177 ordinarium
600 1109 875 1168 causarum
924 1111 1284 1169 humanarum
1324 1111 1539 1185 superet
1576 1128 1592 1183 3
1633 1127 1732 1167 nec
1781 1109 1933 1167 vide-

225 1202 377 1247 mus,
404 1184 544 1241 illam
579 1185 905 1260 Religionem
939 1187 1142 1249 nedum
1186 1189 1239 1243 in
1290 1185 1750 1262 persecutionibus
1775 1223 1794 1249 ‚
1845 1181 1934 1247 sed

222 1261 311 1317 vel
335 1261 442 1317 aliis
474 1263 526 1317 in
556 1261 843 1320 ditionibus
864 1264 1104 1338 potestati
1129 1280 1387 1320 extraneae
1411 1261 1655 1336 subjeffls
1691 1278 1931 1336 unquam

221 1335 506 1394 substitisse.
584 1338 912 1411 Religionem
953 1337 1086 1395 vero
1136 1338 1487 1396 Christianam
1526 1353 1795 1412 corruptae
1834 1336 1935 1394 ho,

223 1414 433 1469 minum
467 1412 687 1469 Naturae
723 1417 784 1474 &
817 1415 1283 1488 concupiscentiis,
1316 1413 1652 1490 populorum
1684 1414 1933 1480 omnium

221 1488 465 1546 moribus
486 1527 501 1550 ,
551 1493 931 1564 praeconceptis
965 1490 1125 1553 ideis,
1157 1494 1218 1550 ὃς
1247 1491 1543 1546 inveteratis
1583 1487 1934 1562 praejudiciis,

220 1580 343 1636 quae
383 1565 518 1618 vinci
555 1566 643 1620 vix
684 1564 927 1638 possunt,
963 1565 1222 1622 adven-lari
1264 1563 1607 1637 perspe&um
1647 1564 1737 1618 est.
1810 1560 1933 1638 Hac

220 1638 539 1694 immutandi
569 1656 718 1695 erant
747 1657 856 1696 non
881 1642 1036 1697 unius
1059 1642 1230 1712 gentis
1250 1676 1268 1702 ,
1292 1638 1380 1695 sed
1411 1639 1656 1694 omnium
1684 1637 1930 1711 gentium

221 1730 427 1783 mores;
459 1712 608 1786 quod
645 1712 810 1787 quam
846 1712 1061 1771 difficile
1093 1713 1153 1770 fit
1186 1717 1248 1774 δε
1275 1711 1540 1775 arduum,
1573 1727 1831 1785 expertus
1855 1711 1932 1782 est

218 1788 452 1846 Divinus
471 1787 557 1843 ille
570 1787 849 1863 Plato‚qui
889 1788 1010 1846 ideo
1039 1790 1183 1845 venit
1215 1792 1268 1846 in
1307 1787 1639 1863 periculum,
1665 1785 1817 1861 quod
1841 1783 1930 1844 vel

217 1862 475 1921 tentasset.
548 1861 871 1921 Eradicanda
895 1880 1007 1920 erat
1028 1864 1230 1939 ubique
1250 1881 1509 1921 terrarum
1527 1862 1878 1937 Religi0‚quae
1899 1861 1929 1919 ἃ

220 1939 468 2015 pluribus
510 1936 710 1995 saeculis
750 1939 872 1997 altas
907 1940 1106 1997 radices
1142 1956 1325 2013 egerat
1361 1941 1415 1996 in
1451 1940 1638 1995 animis
1665 1936 1771 1995 five
1795 1937 1930 2012 sapi*

218 2013 1083 2091 entium,fiveinfipientium3un
1095 2013 1165 2072 de
1185 2014 1338 2073 causa
1362 2030 1587 2088 magnus
1599 2013 1839 2072 Socrates
1861 2015 1931 2070 ci-

216 2107 399 2147 cutam
418 2090 563 2153 bibit,
585 2094 647 2151 &
667 2107 1102 2165 praeconceptum
1126 2108 1267 2166 opus
1290 2089 1672 2164 inauspicatum
1696 2087 1928 2163 reliquit:

218 2163 290 2222 Et
318 2165 470 2241 quod
516 2164 678 2239 longe
716 2164 1117 2229 difficillimum,
1140 2184 1199 2224 ac
1233 2165 1447 2242 prorsus
1494 2161 1810 2237 impoffibile
1844 2164 1926 2219 vi-

218 2239 336 2296 deri
370 2256 605 2314 poterat,
633 2257 772 2297 nova
808 2240 1082 2299 inserenda
1106 2259 1217 2298 erat
1252 2242 1452 2314 Religio
1481 2238 1686 2313 Judaeis
1719 2235 1926 2295 scanda-

222 2315 372 2378 lum,
404 2313 648 2388 gentibus
678 2332 857 2372 autem
896 2317 1106 2374 stultitia
1149 2335 1267 2374 tum
1309 2330 1535 2390 propter
1569 2309 1797 2369 maxime
1846 2329 1925 2368 ar-

224 2390 333 2448 dua
363 2390 446 2445 illa
491 2390 764 2463 mysteria,
799 2409 919 2465 quae
949 2394 1135 2455 docet,
1170 2411 1222 2447 v.
1246 2410 1298 2465 g.
1338 2390 1518 2446 Deum
1548 2405 1718 2445 unum
1745 2386 1846 2444 effe
1870 2389 1925 2446 in

222 2467 390 2524 tribus
402 2464 855 2536 Personis3Deum
874 2463 1078 2525 factum
1099 2466 1374 2522 hominem
1399 2480 1452 2520 et
1485 2461 1801 2520 crucifixum
1814 2467 1922 2524 δίο.

220 2559 342 2603 tum
390 2540 464 2600 ob
502 2556 764 2616 praeeepta
795 2575 812 2605 ‚
873 2541 1400 2674 quibusGabnegatio
1449 2538 1529 2598 sui
1566 2537 1757 2613 ipfius‚
1793 2555 1923 2597 con-

1144 2634 1182 2673 2
1717 2627 1850 2671 tem-
