2144 2852
784 190 1445 302 *vivfiffiflp
1792 196 1938 302 'f721

244 344 379 406 'dum
413 326 600 404 eadem
641 341 744 402 fori
770 309 972 403 *interni
1014 346 1272 420 principia
1308 346 1664 401 examinamus
1695 360 1726 416 --3-
1796 341 1943 404 cum

204 483 208 487 ,
241 424 444 499 Religio
476 420 753 478 necessario
786 422 899 494 haec
929 421 1042 479 duo
1079 420 1500 495 complefi’tatur:
1539 419 1744 485 Scilicet
1778 418 1944 480 fidem

242 502 535 564 internam,
562 502 623 558 δε
654 497 880 573 reliquas
907 501 1129 555 virtutes
1161 499 1390 559 internas
1418 495 1524 554 fide
1547 495 1646 553 hac
1671 494 1818 553 velut
1840 494 1948 557 bali

241 580 304 637 &
339 572 687 632 fundamento
719 577 893 637 nixas,
925 573 1124 648 quibus
1160 571 1329 630 homo
1366 573 1484 629 Deo
1518 577 1580 633 &
1607 570 1825 629 Christo
1859 589 1946 629 re-

241 651 439 725 ligatur
459 691 472 713 ‚
496 650 602 705 live
640 649 983 723 conjungitur
1004 685 1022 711 ,
1052 654 1117 709 ὃ(
1150 649 1206 705 in
1245 647 1467 726 quibus,
1497 665 1750 722 tanquam
1786 665 1945 718 veros

241 728 545 783 adoratores
586 726 641 779 in
673 724 872 797 Spiritu
917 730 979 786 &
1013 726 1230 780 veritate
1262 724 1725 785 constituentibus,
1750 725 1945 796 prima-

148 855 154 858 .
238 802 321 861 rio
356 801 626 872 consistit3
677 817 795 855 tum
845 800 1122 857 decentem
1154 803 1217 860 δε
1263 798 1568 856 ordinatum
1599 799 1804 855 cultum
1843 799 1946 855 Dei

144 920 168 937 ⁷-
237 880 584 936 exteriorem,
617 874 769 949 cujus
804 878 1001 950 primas
1033 892 1204 950 partes
1251 872 1357 931 fert
1400 874 1642 948 ejusdem
1667 872 1790 934 fidei
1821 891 1945 947 pro-

237 952 413 1015 feffio‚
447 969 508 1010 ut
558 950 726 1007 homo
763 968 827 1007 ex
859 969 1089 1025 corpore
1122 955 1183 1011 &
1213 953 1392 1007 animo
1423 947 1946 1023 <compofitus⁴utrm=

234 1047 348 1104 que
381 1033 537 1085 etiam
570 1027 619 1081 se
654 1044 830 1082 totum
868 1028 989 1083 Deo
1028 1028 1333 1100 mancipet,
1377 1025 1559 1101 illique
1591 1023 1850 1093 Corporis
1881 1023 1946 1081 fi..

235 1105 352 1161 mul
393 1112 465 1166 ὄι-
483 1105 642 1160 animi
675 1101 984 1161 sacrificium
1027 1107 1088 1164 &
1121 1103 1439 1178 obsequium
1470 1098 1777 1162 rationabile
1810 1098 1943 1159 offe-

236 1196 334 1238 rat·

386 1327 463 1387 11.
501 1326 670 1387 Unde
700 1345 895 1404 praeter
935 1331 1197 1389 internam
1228 1326 1557 1404 Religionem
1600 1325 1746 1385 haud
1781 1325 1945 1388 dubie

231 1404 565 1463 necessariam
615 1405 717 1462 effe
757 1407 1000 1481 ejusdem
1031 1423 1304 1463 externam
1350 1402 1728 1479 profeffionem
1743 1441 1767 1467 ,-
1784 1405 1943 1463 docet

231 1482 522 1552 Apostolus
557 1482 694 1537 Rom.
720 1504 787 1538 10.
817 1501 875 1540 v.
903 1505 970 1539 ιο.
1055 1481 1209 1539 Corde
1241 1481 1461 1538 creditur
1480 1478 1830 1552 adjustitiam,
1862 1497 1944 1542 ore

233 1567 394 1612 autem
430 1555 644 1629 confeffio
662 1557 730 1622 fit
764 1557 833 1612 ad
851 1557 1076 1627 salutem.
1150 1556 1219 1613 Et
1244 1557 1296 1612 S.
1326 1555 1556 1626 August.
1587 1552 1707 1608 ij.
1730 1553 1790 1608 de
1817 1553 1943 1609 Ede
2023 1582 2036 1587 -

233 1632 303 1696 (y-
333 1629 489 1697 symb.
520 1645 623 1704 cap.
645 1653 685 1688 1.
756 1631 942 1695 Fides,
976 1631 1187 1705 inquit,
1215 1622 1252 1684 ἂ
1271 1628 1406 1685 nobis
1437 1628 1611 1701 duplex
1631 1624 1831 1697 officium
1855 1647 1942 1704 ex-

232 1707 349 1777 igit,
387 1705 547 1761 cordis
575 1707 645 1770 (9⁹
675 1707 870 1777 linguae.
958 1706 1157 1778 Neque
1194 1706 1336 1760 enim
1369 1702 1583 1776 singulis
1615 1708 1675 1763 &
1711 1707 1942 1777 particu-

229 1780 427 1842 laribus
459 1778 666 1836 tantum
707 1780 1041 1842 hominibus,
1079 1797 1257 1855 neque
1290 1780 1486 1852 exiguo
1528 1778 1738 1851 populo
1774 1779 1940 1840 fidem

233 1860 294 1917 &
334 1855 655 1928 Religionem
700 1855 844 1912 suam
881 1856 1154 1932 propriam
1189 1855 1435 1918 Christus
1466 1854 1665 1916 voluit,
1697 1855 1784 1912 led
1818 1873 1938 1914 om·

237 1931 395 1988 nibus
422 1931 740 1987 Nationibus
767 1931 916 1987 *illam
954 1934 1294 2005 praeparavit,
1327 1948 1448 2006 quae
1480 1946 1668 1986 omnes
1702 1933 1862 1988 unitae
1882 1935 1938 1993 in

139 2028 149 2035 ’
233 2007 342 2064 fide
390 2008 620 2063 invicem
658 2011 720 2067 &
758 2006 1040 2069 charitate,
1078 2008 1134 2063 in
1186 2006 1623 2064 consociationem
1664 2007 1936 2080 quandam

233 2084 434 2155 pariter
473 2099 745 2138 externam
782 2085 1016 2144 coirent,
1050 2100 1174 2157 quae
1211 2081 1429 2156 ipsamet
1468 2079 1692 2137 Ecclesia·
1721 2080 1937 2145 dicitur.

231 2156 341 2216 five
372 2173 538 2214 coetus
571 2157 809 2215 fidelium
857 2157 1042 2216 eadem
1082 2157 1188 2215 fide
1225 2162 1286 2219 δι
1324 2154 1532 2214 colendi
1577 2155 1758 2212 Deum
1811 2159 1933 2213 rati-

229 2249 336 2294 one
399 2235 716 2303 unitorum3
752 2250 818 2288 ex
867 2250 987 2307 quo
1031 2233 1185 2306 plane
1239 2231 1616 2304 consequitur,
1652 2233 1928 2295 veritatem

228 2306 367 2363 banc
389 2305 595 2362 summe
623 2306 978 2370 neceffiriam,
999 2312 1061 2369 &
1086 2311 1337 2365 omnibus
1364 2322 1622 2379 paratam,
1650 2305 1808 2361 semel
1835 2325 1929 2380 ag-

233 2384 398 2439 nitam
450 2378 667 2437 interius
715 2383 768 2438 in
805 2382 1050 2455 injustitia
1091 2384 1314 2440 detineri
1351 2398 1460 2437 non
1495 2379 1668 2453 polle,
1703 2385 1764 2442 &
1799 2399 1930 2455 prae-

230 2472 312 2512 ter
347 2473 695 2514 communem
751 2456 891 2513 illam
931 2457 1093 2516 fidem
1129 2464 1189 2519 &
1250 2458 1571 2529 Religionem
1620 2459 1882 2515 internam
1909 2484 1929 2521 t

228 2549 388 2614 etiam
421 2542 693 2592 externam
728 2532 995 2608 quandam
1042 2533 1168 2594 fidei
1187 2570 1211 2599 ,
1257 2548 1479 2595 amoris,
1511 2534 1926 2664 reverentiiaeque

1771 2626 1849 2665 uae
