2144 2852
781 187 957 272 ⁴3³*
993 191 1027 268 .)
1063 192 1165 268 0(
1208 187 1386 270 ⁴3¹⁴&
1831 207 1940 264 155

227 326 397 384 unam
443 322 768 384 Societatem
815 323 1040 381 civilem
1089 329 1348 380 coeuntes
1396 321 1548 379 suam
1573 319 1805 395 'tantum
1840 339 1938 379 vo-

229 400 523 463 luntatem,
546 417 659 456 non
695 397 828 456 vero
866 398 1230 461 intellectum,
1246 398 1358 456 imo
1386 402 1448 460 &
1482 395 1822 455 voluntatem
1873 396 1940 454 eo

229 475 402 551 usque
453 473 666 533 tantum
712 473 767 530 in
805 474 1148 533 voluntatem
1188 475 1582 548 Imperantium
1616 469 1940 530 transtulisse
2030 476 2033 478 ’

229 550 482 608 censendi
535 550 656 607 sunt
680 585 695 613 ‚
735 549 1023 625 quousque
1067 551 1202 607 unio
1252 550 1428 607 civilis
1478 553 1540 610 &
1577 547 1939 624 tranquillitas

231 625 564 700 Reipublicae
591 626 647 682 id
668 625 903 700 postulat
916 623 1056 700 3quo
1077 623 1429 687 tamen‚ci1m
1451 623 1586 680 nihil
1608 621 1835 699 prorsiis
1863 620 1938 680 fa-

231 704 377 759 ciant
406 704 603 758 interni
641 703 837 757 mentis
873 712 1170 774 conceptus
1189 736 1205 763 ‚
1245 700 1373 757 inde
1412 697 1567 757 facile
1604 702 1809 774 cuique
1846 716 1939 773 pa-

233 791 312 833 tet
336 813 352 839 ,
392 795 494 834 cur
524 777 674 835 nulla
710 777 946 851 potestas
980 776 1204 843 Politica
1239 778 1482 832 internos
1518 777 1716 833 mentis
1749 791 1939 831 conce-

230 867 362 926 ptus
399 853 534 910 ideis
564 857 625 914 &
658 852 927 917 voluntati
957 852 1223 925 Principis
1257 848 1637 908 conformandi
1672 848 1942 906 neceffita-

228 942 370 990 tem,
387 946 489 1002 per
509 929 743 985 modum
755 927 938 1002 Legis,
962 930 1247 1002 imponere
1317 927 1451 983 offit.
1503 927 1618 983 sie
1647 923 1805 981 liceat
1824 942 1943 980 om·-

227 1002 360 1059 nino
395 1003 844 1064 Protestantibus‚
884 1020 1109 1059 omnem
1157 1002 1268 1060 Ecc
1289 1001 1406 1058 efiae
1437 1001 1843 1058 authoritatem
1862 999 1942 1056 di-

231 1080 436 1134 vinitus
462 1082 921 1135 communicatam
940 1077 1267 1153 negantibus
1281 1077 1388 1140 ‚ab
1415 1076 1747 1133 authoritate
1770 1076 1941 1148 Syno-

230 1152 434 1208 dorum
471 1153 691 1210 suarum
731 1153 834 1210 lese
883 1157 1138 1210 eximere.
1255 1152 1557 1210 Praedicent
1596 1150 1673 1207 illi
1713 1151 1939 1207 rationis

229 1227 398 1302 jura,
432 1233 492 1288 δε
525 1230 769 1302 pericula
797 1229 1072 1303 explicent
1107 1230 1172 1285 iis
1209 1229 1580 1290 imminentia,
1613 1227 1711 1301 qui
1754 1224 1941 1282 auci-o-

234 1306 380 1359 ritati
419 1304 570 1360 merc
617 1305 868 1361 humanae
917 1309 977 1366 δε
1010 1302 1182 1361 fallaci
1226 1302 1376 1360 suam
1411 1303 1671 1368 addicunt
1706 1301 1942 1358 creduli·
1992 1315 1994 1319 ⁴

224 1394 416 1436 tatem.
481 1379 668 1436 Liceat
704 1385 766 1440 &
800 1379 1116 1442 Catholicis,
1149 1379 1257 1436 hoc
1284 1395 1611 1454 argumento
1638 1374 1804 1432 ferire
1825 1378 1938 1450 pri-

234 1469 391 1510 vatos
448 1472 539 1509 eos
600 1455 871 1512 Doctores
933 1454 1080 1511 nulla
1125 1473 1248 1518 ‘nec
1296 1454 1628 1510 authoritate
1684 1450 1935 1525 publica,

230 1545 331 1584 nec
395 1532 594 1585 erroris
656 1532 1000 1586 immunitate
1051 1529 1310 1602 praeditos
1338 1564 1355 1590 ‚
1398 1530 1495 1602 qui
1559 1526 1632 1582 ita
1694 1528 1936 1598 privatas

230 1601 348 1660 suas
408 1604 688 1660 sententias
710 1639 725 1665 ,
765 1620 892 1675 utut
946 1604 1099 1659 nullo
1169 1603 1348 1658 adhuc
1408 1601 1634 1674 publico
1689 1597 1937 1655 Ecclefiae

225 1676 439 1751 judicio
497 1678 773 1739 definitas,
819 1694 913 1733 aut
967 1676 1220 1750 probatas
1255 1712 1270 1738 ‚
1328 1676 1443 1731 aliis
1499 1673 1797 1731 obtrudere
1845 1691 1937 1729 co-

230 1771 429 1810 nantur
445 1789 461 1816 ,
503 1768 564 1809 ut
603 1752 966 1808 immoderato
1005 1750 1160 1813 zelo,
1197 1752 1376 1808 dicam
1409 1750 1432 1808 ζ
1487 1768 1553 1806 an
1610 1748 1936 1805 intolerabili

233 1846 355 1885 arro
467 1829 537 1885 tia
571 1864 587 1892 ‚
645 1845 705 1884 ac
742 1825 1074 1902 praefidentia
1127 1827 1274 1885 nulla
1330 1828 1386 1882 in
1431 1844 1490 1881 re
1524 1824 1675 1880 alteri
1709 1823 1937 1886 cedere,

233 1921 326 1962 aut
359 1847 591 1979 ffiensi
626 1903 863 1964 haerere,
904 1901 1160 1976 supremo
1217 1901 1311 1958 suo
1361 1900 1565 1974 judicio
1605 1900 1782 1955 statim
1821 1917 1937 1955 om-

230 1983 320 2037 nia
370 1979 596 2037 definire
628 2013 645 2041 ‚
700 1980 1038 2035 contrarium
1087 1975 1219 2033 vero
1270 1977 1553 2032 sentientes
1605 1973 1844 2031 censuris
1878 1979 1939 2037 &

230 2061 376 2115 notis
413 2053 673 2113 haereseos
708 2050 994 2114 infamare,
1021 2051 1344 2127 iniquiffime
1375 2065 1650 2107 attentent.
1726 2050 1841 2106 Aut
1875 2049 1936 2106 li-

235 2146 351 2188 ceat
379 2127 611 2187 *demum
645 2129 939 2187 condolere
969 2130 1034 2184 iis
1053 2164 1068 2190 ‚
1099 2131 1195 2203 qui
1226 2128 1298 2183 ita
1332 2125 1540 2183 Scholae
1573 2123 1789 2180 cuidam
1815 2143 1937 2198 par-

238 2204 449 2262 ticulari
482 2205 634 2261 velut
661 2203 833 2280 glebae
862 2203 1111 2277 adscripti
1148 2202 1267 2259 sunt
1287 2238 1301 2264 ‚
1321 2207 1381 2262 &
1411 2204 1465 2256 in
1502 2198 1667 2257 verba
1685 2199 1935 2275 Magistri

238 2279 466 2353 alicujus
495 2278 1023 2352 particularis‚mere
1050 2276 1268 2339 fallacis,
1287 2277 1696 2350 &deceptionis
1723 2277 1934 2348 pericu-

241 2351 294 2411 lo
329 2354 553 2410 obnoxii
583 2351 761 2428 jurare
790 2370 1092 2429 coguntur,
1125 2370 1186 2410 ut
1220 2351 1426 2408 sensum
1453 2353 1787 2406 contrarium
1818 2354 1878 2410 δε
1903 2349 1934 2407 ὃ

238 2429 447 2485 Scholae
482 2425 585 2484 suae
619 2430 870 2486 maximis
897 2429 1132 2487 alienum
1152 2465 1167 2490 ‚
1186 2427 1309 2484 licet
1341 2426 1503 2501 longe
1525 2426 1621 2482 fibi
1659 2424 1932 2481 verosimi-

223 2503 462 2572 liorem,
483 2518 665 2562 tenere
693 2515 752 2561 ac
784 2503 1012 2570 docere,
1039 2505 1234 2638 iii-{dem
1267 2499 1414 2577 nefas
1451 2502 1841 2634 existimetuggn
1881 2568 1905 2575 Ι,

1135 2597 1174 2637 2
1840 2616 1854 2632 .
