<?xml version="1.0" encoding="UTF-8"?>
<!DOCTYPE html PUBLIC "-//W3C//DTD XHTML 1.0 Transitional//EN"
    "http://www.w3.org/TR/xhtml1/DTD/xhtml1-transitional.dtd">
<html xmlns="http://www.w3.org/1999/xhtml" xml:lang="en" lang="en">
 <head>
  <title>
</title>
<meta http-equiv="Content-Type" content="text/html;charset=utf-8" />
  <meta name='ocr-system' content='tesseract 3.04.00' />
  <meta name='ocr-capabilities' content='ocr_page ocr_carea ocr_par ocr_line ocrx_word'/>
</head>
<body>
  <div class='ocr_page' id='page_1' title='image "./dissertatioprior00bartuoft_0114.png"; bbox 0 0 2144 2852; ppageno 0'>
   <div class='ocr_carea' id='block_1_1' title="bbox 256 216 1481 305">
    <p class='ocr_par' dir='ltr' id='par_1_1' title="bbox 256 216 1481 305">
     <span class='ocr_line' id='line_1_1' title="bbox 256 216 1481 305; baseline -0.003 3"><span class='ocrx_word' id='word_1_1' title='bbox 256 239 371 292; x_wconf 63' lang='grc' dir='ltr'>τοο</span> <span class='ocrx_word' id='word_1_2' title='bbox 835 216 1481 305; x_wconf 30' lang='lat' dir='ltr'>nunciam&amp;</span> 
     </span>
    </p>
   </div>
   <div class='ocr_carea' id='block_1_2' title="bbox 253 351 1996 961">
    <p class='ocr_par' dir='ltr' id='par_1_2' title="bbox 253 351 1996 961">
     <span class='ocr_line' id='line_1_2' title="bbox 256 351 1960 434; baseline 0 -18"><span class='ocrx_word' id='word_1_3' title='bbox 256 355 457 420; x_wconf 89' lang='lat' dir='ltr'>trahat,</span> <span class='ocrx_word' id='word_1_4' title='bbox 488 351 579 412; x_wconf 91' lang='lat' dir='ltr'>illo</span> <span class='ocrx_word' id='word_1_5' title='bbox 608 354 934 415; x_wconf 81' lang='lat' dir='ltr'>authoritatis</span> <span class='ocrx_word' id='word_1_6' title='bbox 979 357 1207 432; x_wconf 81' lang='lat' dir='ltr'>publicae</span> <span class='ocrx_word' id='word_1_7' title='bbox 1232 357 1447 415; x_wconf 90' lang='lat' dir='ltr'>vinculo</span> <span class='ocrx_word' id='word_1_8' title='bbox 1477 354 1678 415; x_wconf 89' lang='lat' dir='ltr'>sublato</span> <span class='ocrx_word' id='word_1_9' title='bbox 1702 357 1960 434; x_wconf 59' lang='lat' dir='ltr'>aequemc</span> 
     </span>
     <span class='ocr_line' id='line_1_3' title="bbox 256 432 1965 497; baseline 0.001 -6"><span class='ocrx_word' id='word_1_10' title='bbox 256 433 506 491; x_wconf 65' lang='lat' dir='ltr'>fi‘nullus</span> <span class='ocrx_word' id='word_1_11' title='bbox 539 432 662 490; x_wconf 83' lang='lat' dir='ltr'>effet</span> <span class='ocrx_word' id='word_1_12' title='bbox 701 451 866 491; x_wconf 86' lang='lat' dir='ltr'>ccetus</span> <span class='ocrx_word' id='word_1_13' title='bbox 899 435 927 490; x_wconf 70' lang='lat' dir='ltr'>a</span> <span class='ocrx_word' id='word_1_14' title='bbox 960 434 1174 490; x_wconf 88' lang='lat' dir='ltr'>Christo</span> <span class='ocrx_word' id='word_1_15' title='bbox 1207 435 1554 497; x_wconf 87' lang='lat' dir='ltr'>constitutus,</span> <span class='ocrx_word' id='word_1_16' title='bbox 1587 436 1717 490; x_wconf 89' lang='lat' dir='ltr'>ratio</span> <span class='ocrx_word' id='word_1_17' title='bbox 1767 436 1965 493; x_wconf 83' lang='lat' dir='ltr'>huma-</span> 
     </span>
     <span class='ocr_line' id='line_1_4' title="bbox 257 508 1968 584; baseline 0.002 -18"><span class='ocrx_word' id='word_1_18' title='bbox 257 525 325 567; x_wconf 86' lang='lat' dir='ltr'>na</span> <span class='ocrx_word' id='word_1_19' title='bbox 357 508 448 564; x_wconf 80' lang='lat' dir='ltr'>sibi</span> <span class='ocrx_word' id='word_1_20' title='bbox 480 508 723 582; x_wconf 73' lang='lat' dir='ltr'>permista</span> <span class='ocrx_word' id='word_1_21' title='bbox 756 527 821 565; x_wconf 86' lang='lat' dir='ltr'>ex</span> <span class='ocrx_word' id='word_1_22' title='bbox 854 509 1153 565; x_wconf 83' lang='lat' dir='ltr'>infirmitate</span> <span class='ocrx_word' id='word_1_23' title='bbox 1182 514 1242 570; x_wconf 87' lang='lat'>&amp;</span> <span class='ocrx_word' id='word_1_24' title='bbox 1277 513 1620 584; x_wconf 85' lang='lat' dir='ltr'>corruptione</span> <span class='ocrx_word' id='word_1_25' title='bbox 1651 509 1739 565; x_wconf 89' lang='lat' dir='ltr'>sua</span> <span class='ocrx_word' id='word_1_26' title='bbox 1768 512 1821 566; x_wconf 93' lang='lat' dir='ltr'>in</span> <span class='ocrx_word' id='word_1_27' title='bbox 1845 527 1968 570; x_wconf 47' lang='lat' dir='ltr'>ont-‘n</span> 
     </span>
     <span class='ocr_line' id='line_1_5' title="bbox 255 584 1996 660; baseline 0.002 -19"><span class='ocrx_word' id='word_1_28' title='bbox 255 601 326 642; x_wconf 88' lang='lat' dir='ltr'>ne</span> <span class='ocrx_word' id='word_1_29' title='bbox 360 584 740 640; x_wconf 76' lang='lat' dir='ltr'>abiurditat&#39;um</span> <span class='ocrx_word' id='word_1_30' title='bbox 777 603 836 641; x_wconf 90' lang='lat' dir='ltr'>ac</span> <span class='ocrx_word' id='word_1_31' title='bbox 869 602 1115 640; x_wconf 87' lang='lat' dir='ltr'>errorum</span> <span class='ocrx_word' id='word_1_32' title='bbox 1147 603 1343 660; x_wconf 85' lang='lat' dir='ltr'>genus,</span> <span class='ocrx_word' id='word_1_33' title='bbox 1364 586 1562 658; x_wconf 85' lang='lat' dir='ltr'>absque</span> <span class='ocrx_word' id='word_1_34' title='bbox 1596 585 1762 641; x_wconf 88' lang='lat' dir='ltr'>modo</span> <span class='ocrx_word' id='word_1_35' title='bbox 1797 591 1857 646; x_wconf 86' lang='lat'>&amp;</span> <span class='ocrx_word' id='word_1_36' title='bbox 1881 584 1996 644; x_wconf 37' lang='lat' dir='ltr'>faa*</span> 
     </span>
     <span class='ocr_line' id='line_1_6' title="bbox 256 659 1958 736; baseline 0.001 -19"><span class='ocrx_word' id='word_1_37' title='bbox 256 660 452 717; x_wconf 89' lang='lat' dir='ltr'>cultate</span> <span class='ocrx_word' id='word_1_38' title='bbox 476 660 580 715; x_wconf 86' lang='lat' dir='ltr'>ulla</span> <span class='ocrx_word' id='word_1_39' title='bbox 605 660 727 715; x_wconf 88' lang='lat' dir='ltr'>inde</span> <span class='ocrx_word' id='word_1_40' title='bbox 758 659 1066 734; x_wconf 88' lang='lat' dir='ltr'>emergendi</span> <span class='ocrx_word' id='word_1_41' title='bbox 1092 697 1110 721; x_wconf 82' lang='lat'>‚</span> <span class='ocrx_word' id='word_1_42' title='bbox 1136 679 1370 736; x_wconf 83' lang='lat' dir='ltr'>praeceps</span> <span class='ocrx_word' id='word_1_43' title='bbox 1402 677 1559 716; x_wconf 88' lang='lat' dir='ltr'>ruere</span> <span class='ocrx_word' id='word_1_44' title='bbox 1586 675 1862 734; x_wconf 83' lang='lat' dir='ltr'>pergeret3</span> <span class='ocrx_word' id='word_1_45' title='bbox 1900 661 1958 720; x_wconf 84' lang='lat' dir='ltr'>id</span> 
     </span>
     <span class='ocr_line' id='line_1_7' title="bbox 255 736 1959 810; baseline 0.002 -20"><span class='ocrx_word' id='word_1_46' title='bbox 255 736 407 810; x_wconf 85' lang='lat' dir='ltr'>quod</span> <span class='ocrx_word' id='word_1_47' title='bbox 434 737 586 790; x_wconf 89' lang='lat' dir='ltr'>tristis</span> <span class='ocrx_word' id='word_1_48' title='bbox 625 739 866 791; x_wconf 87' lang='lat' dir='ltr'>omnium</span> <span class='ocrx_word' id='word_1_49' title='bbox 893 736 1204 792; x_wconf 79' lang='lat' dir='ltr'>saeculorum</span> <span class='ocrx_word' id='word_1_50' title='bbox 1243 737 1596 809; x_wconf 80' lang='lat' dir='ltr'>experientia,</span> <span class='ocrx_word' id='word_1_51' title='bbox 1619 740 1680 796; x_wconf 75' lang='grc' dir='ltr'>δι</span> <span class='ocrx_word' id='word_1_52' title='bbox 1710 739 1959 796; x_wconf 82' lang='lat' dir='ltr'>omnium</span> 
     </span>
     <span class='ocr_line' id='line_1_8' title="bbox 253 810 1963 888; baseline 0.006 -26"><span class='ocrx_word' id='word_1_53' title='bbox 253 811 601 886; x_wconf 71' lang='lat' dir='ltr'>profanarum</span> <span class='ocrx_word' id='word_1_54' title='bbox 635 812 1031 888; x_wconf 80' lang='lat' dir='ltr'>disciplinarum</span> <span class='ocrx_word' id='word_1_55' title='bbox 1065 812 1278 873; x_wconf 83' lang='lat' dir='ltr'>historia</span> <span class='ocrx_word' id='word_1_56' title='bbox 1313 814 1582 871; x_wconf 85' lang='lat' dir='ltr'>neminem</span> <span class='ocrx_word' id='word_1_57' title='bbox 1615 810 1869 872; x_wconf 61' lang='lat' dir='ltr'>hactenus</span> <span class='ocrx_word' id='word_1_58' title='bbox 1897 811 1963 871; x_wconf 81' lang='lat' dir='ltr'>fi·</span> 
     </span>
     <span class='ocr_line' id='line_1_9' title="bbox 253 902 631 961; baseline 0.008 -18"><span class='ocrx_word' id='word_1_59' title='bbox 253 902 333 944; x_wconf 77' lang='lat' dir='ltr'>vit</span> <span class='ocrx_word' id='word_1_60' title='bbox 371 903 631 961; x_wconf 82' lang='lat' dir='ltr'>ignorare.</span> 
     </span>
    </p>
   </div>
   <div class='ocr_carea' id='block_1_3' title="bbox 239 1036 1961 2389">
    <p class='ocr_par' dir='ltr' id='par_1_3' title="bbox 239 1036 1961 2389">
     <span class='ocr_line' id='line_1_10' title="bbox 423 1036 1961 1112; baseline 0.001 -17"><span class='ocrx_word' id='word_1_61' title='bbox 423 1039 541 1095; x_wconf 90' lang='lat' dir='ltr'>XV.</span> <span class='ocrx_word' id='word_1_62' title='bbox 579 1038 726 1097; x_wconf 91' lang='lat' dir='ltr'>Sicut</span> <span class='ocrx_word' id='word_1_63' title='bbox 760 1038 1012 1097; x_wconf 71' lang='lat' dir='ltr'>nimirum</span> <span class='ocrx_word' id='word_1_64' title='bbox 1050 1041 1102 1095; x_wconf 88' lang='lat' dir='ltr'>in</span> <span class='ocrx_word' id='word_1_65' title='bbox 1135 1037 1418 1112; x_wconf 80' lang='lat' dir='ltr'>Republica</span> <span class='ocrx_word' id='word_1_66' title='bbox 1451 1036 1591 1097; x_wconf 89' lang='lat' dir='ltr'>civili</span> <span class='ocrx_word' id='word_1_67' title='bbox 1628 1042 1687 1100; x_wconf 75' lang='grc' dir='ltr'>δε</span> <span class='ocrx_word' id='word_1_68' title='bbox 1741 1037 1961 1096; x_wconf 65' lang='lat' dir='ltr'>Politice</span> 
     </span>
     <span class='ocr_line' id='line_1_11' title="bbox 249 1111 1958 1190; baseline 0 -20"><span class='ocrx_word' id='word_1_69' title='bbox 249 1111 389 1170; x_wconf 74' lang='lat' dir='ltr'>bene</span> <span class='ocrx_word' id='word_1_70' title='bbox 413 1116 681 1177; x_wconf 86' lang='lat' dir='ltr'>ordinata,</span> <span class='ocrx_word' id='word_1_71' title='bbox 707 1117 928 1172; x_wconf 82' lang='lat' dir='ltr'>vitandae</span> <span class='ocrx_word' id='word_1_72' title='bbox 966 1113 1286 1173; x_wconf 79' lang='lat' dir='ltr'>confufioms</span> <span class='ocrx_word' id='word_1_73' title='bbox 1323 1120 1382 1175; x_wconf 66' lang='grc' dir='ltr'>ὃς</span> <span class='ocrx_word' id='word_1_74' title='bbox 1418 1115 1826 1190; x_wconf 82' lang='lat' dir='ltr'>perturbationis</span> <span class='ocrx_word' id='word_1_75' title='bbox 1870 1131 1958 1170; x_wconf 64' lang='lat' dir='ltr'>era</span> 
     </span>
     <span class='ocr_line' id='line_1_12' title="bbox 250 1189 1957 1264; baseline 0 -19"><span class='ocrx_word' id='word_1_76' title='bbox 250 1189 323 1262; x_wconf 77' lang='lat' dir='ltr'>go</span> <span class='ocrx_word' id='word_1_77' title='bbox 345 1207 569 1263; x_wconf 83' lang='lat' dir='ltr'>,praeter</span> <span class='ocrx_word' id='word_1_78' title='bbox 604 1191 807 1264; x_wconf 80' lang='lat' dir='ltr'>Legem</span> <span class='ocrx_word' id='word_1_79' title='bbox 842 1198 902 1252; x_wconf 68' lang='grc' dir='ltr'>ὅ(</span> <span class='ocrx_word' id='word_1_80' title='bbox 941 1209 1184 1248; x_wconf 88' lang='lat' dir='ltr'>normam</span> <span class='ocrx_word' id='word_1_81' title='bbox 1220 1190 1486 1247; x_wconf 60' lang='lat' dir='ltr'>actionum</span> <span class='ocrx_word' id='word_1_82' title='bbox 1513 1191 1743 1247; x_wconf 86' lang='lat' dir='ltr'>civilium</span> <span class='ocrx_word' id='word_1_83' title='bbox 1784 1190 1957 1259; x_wconf 82' lang='lat' dir='ltr'>publi-</span> 
     </span>
     <span class='ocr_line' id='line_1_13' title="bbox 246 1265 1955 1339; baseline 0.001 -20"><span class='ocrx_word' id='word_1_84' title='bbox 246 1280 364 1319; x_wconf 86' lang='lat' dir='ltr'>cam</span> <span class='ocrx_word' id='word_1_85' title='bbox 405 1266 685 1321; x_wconf 59' lang='lat' dir='ltr'>auctoritas</span> <span class='ocrx_word' id='word_1_86' title='bbox 723 1271 881 1321; x_wconf 87' lang='lat' dir='ltr'>etiam</span> <span class='ocrx_word' id='word_1_87' title='bbox 919 1267 1126 1339; x_wconf 88' lang='lat' dir='ltr'>publica</span> <span class='ocrx_word' id='word_1_88' title='bbox 1162 1269 1228 1322; x_wconf 89' lang='lat' dir='ltr'>ab</span> <span class='ocrx_word' id='word_1_89' title='bbox 1263 1266 1371 1337; x_wconf 87' lang='lat' dir='ltr'>ipsa</span> <span class='ocrx_word' id='word_1_90' title='bbox 1413 1267 1560 1339; x_wconf 83' lang='lat' dir='ltr'>Lege</span> <span class='ocrx_word' id='word_1_91' title='bbox 1597 1265 1835 1321; x_wconf 66' lang='lat' dir='ltr'>distinfi&#39;ra</span> <span class='ocrx_word' id='word_1_92' title='bbox 1870 1283 1955 1321; x_wconf 86' lang='lat' dir='ltr'>re-</span> 
     </span>
     <span class='ocr_line' id='line_1_14' title="bbox 247 1339 1955 1413; baseline 0.002 -20"><span class='ocrx_word' id='word_1_93' title='bbox 247 1339 506 1411; x_wconf 88' lang='lat' dir='ltr'>quiritur,</span> <span class='ocrx_word' id='word_1_94' title='bbox 531 1357 652 1413; x_wconf 84' lang='lat' dir='ltr'>quae</span> <span class='ocrx_word' id='word_1_95' title='bbox 674 1340 879 1412; x_wconf 84' lang='lat' dir='ltr'>Legem</span> <span class='ocrx_word' id='word_1_96' title='bbox 915 1342 1133 1396; x_wconf 90' lang='lat' dir='ltr'>dubiam</span> <span class='ocrx_word' id='word_1_97' title='bbox 1167 1341 1416 1412; x_wconf 86' lang='lat' dir='ltr'>explicet,</span> <span class='ocrx_word' id='word_1_98' title='bbox 1448 1341 1514 1396; x_wconf 88' lang='lat' dir='ltr'>ad</span> <span class='ocrx_word' id='word_1_99' title='bbox 1543 1340 1686 1395; x_wconf 89' lang='lat' dir='ltr'>casus</span> <span class='ocrx_word' id='word_1_100' title='bbox 1720 1344 1955 1411; x_wconf 56' lang='lat' dir='ltr'>particu⁴</span> 
     </span>
     <span class='ocr_line' id='line_1_15' title="bbox 248 1411 1953 1488; baseline 0.002 -20"><span class='ocrx_word' id='word_1_101' title='bbox 248 1411 383 1469; x_wconf 84' lang='lat' dir='ltr'>lares</span> <span class='ocrx_word' id='word_1_102' title='bbox 419 1415 764 1471; x_wconf 88' lang='lat' dir='ltr'>obvenientes</span> <span class='ocrx_word' id='word_1_103' title='bbox 812 1416 1038 1488; x_wconf 81' lang='lat' dir='ltr'>applicet</span> <span class='ocrx_word' id='word_1_104' title='bbox 1062 1456 1074 1476; x_wconf 87' lang='lat'>‚</span> <span class='ocrx_word' id='word_1_105' title='bbox 1123 1420 1183 1475; x_wconf 90' lang='lat'>&amp;</span> <span class='ocrx_word' id='word_1_106' title='bbox 1233 1415 1614 1475; x_wconf 63' lang='lat' dir='ltr'>controversias</span> <span class='ocrx_word' id='word_1_107' title='bbox 1653 1415 1811 1486; x_wconf 89' lang='lat' dir='ltr'>super</span> <span class='ocrx_word' id='word_1_108' title='bbox 1849 1412 1953 1488; x_wconf 75' lang='lat' dir='ltr'>ipsa</span> 
     </span>
     <span class='ocr_line' id='line_1_16' title="bbox 248 1486 1953 1563; baseline 0.002 -20"><span class='ocrx_word' id='word_1_109' title='bbox 248 1486 401 1560; x_wconf 84' lang='lat' dir='ltr'>Lege</span> <span class='ocrx_word' id='word_1_110' title='bbox 436 1506 674 1545; x_wconf 73' lang='lat' dir='ltr'>excitatas</span> <span class='ocrx_word' id='word_1_111' title='bbox 713 1490 962 1561; x_wconf 83' lang='lat' dir='ltr'>dirimat3</span> <span class='ocrx_word' id='word_1_112' title='bbox 1001 1489 1070 1547; x_wconf 69' lang='lat' dir='ltr'>ita</span> <span class='ocrx_word' id='word_1_113' title='bbox 1107 1492 1216 1563; x_wconf 88' lang='lat' dir='ltr'>pari</span> <span class='ocrx_word' id='word_1_114' title='bbox 1254 1491 1420 1545; x_wconf 91' lang='lat' dir='ltr'>modo</span> <span class='ocrx_word' id='word_1_115' title='bbox 1455 1494 1506 1543; x_wconf 89' lang='lat' dir='ltr'>in</span> <span class='ocrx_word' id='word_1_116' title='bbox 1543 1507 1682 1545; x_wconf 84' lang='lat' dir='ltr'>coetu</span> <span class='ocrx_word' id='word_1_117' title='bbox 1719 1490 1807 1544; x_wconf 91' lang='lat' dir='ltr'>illo</span> <span class='ocrx_word' id='word_1_118' title='bbox 1845 1490 1953 1546; x_wconf 80' lang='lat' dir='ltr'>five</span> 
     </span>
     <span class='ocr_line' id='line_1_17' title="bbox 246 1559 1952 1639; baseline 0.002 -20"><span class='ocrx_word' id='word_1_119' title='bbox 246 1559 471 1620; x_wconf 77' lang='lat' dir='ltr'>Ecclesia</span> <span class='ocrx_word' id='word_1_120' title='bbox 495 1601 515 1626; x_wconf 86' lang='lat'>‚</span> <span class='ocrx_word' id='word_1_121' title='bbox 564 1564 808 1638; x_wconf 73' lang='lat' dir='ltr'>quamvls</span> <span class='ocrx_word' id='word_1_122' title='bbox 843 1567 1170 1639; x_wconf 88' lang='lat' dir='ltr'>Scripturam</span> <span class='ocrx_word' id='word_1_123' title='bbox 1205 1565 1545 1638; x_wconf 86' lang='lat' dir='ltr'>agnoscamus</span> <span class='ocrx_word' id='word_1_124' title='bbox 1579 1581 1767 1619; x_wconf 87' lang='lat' dir='ltr'>omnes</span> <span class='ocrx_word' id='word_1_125' title='bbox 1802 1564 1952 1623; x_wconf 89' lang='lat' dir='ltr'>velut</span> 
     </span>
     <span class='ocr_line' id='line_1_18' title="bbox 243 1639 1953 1712; baseline 0.001 -18"><span class='ocrx_word' id='word_1_126' title='bbox 243 1653 444 1694; x_wconf 87' lang='lat' dir='ltr'>certam</span> <span class='ocrx_word' id='word_1_127' title='bbox 482 1644 540 1699; x_wconf 89' lang='lat'>&amp;</span> <span class='ocrx_word' id='word_1_128' title='bbox 576 1642 919 1697; x_wconf 85' lang='lat' dir='ltr'>indubitatam</span> <span class='ocrx_word' id='word_1_129' title='bbox 959 1639 1080 1696; x_wconf 87' lang='lat' dir='ltr'>fidei</span> <span class='ocrx_word' id='word_1_130' title='bbox 1114 1645 1174 1700; x_wconf 87' lang='lat'>&amp;</span> <span class='ocrx_word' id='word_1_131' title='bbox 1211 1657 1427 1696; x_wconf 89' lang='lat' dir='ltr'>morum</span> <span class='ocrx_word' id='word_1_132' title='bbox 1464 1639 1704 1712; x_wconf 89' lang='lat' dir='ltr'>regulam</span> <span class='ocrx_word' id='word_1_133' title='bbox 1728 1677 1741 1700; x_wconf 94' lang='lat'>,</span> <span class='ocrx_word' id='word_1_134' title='bbox 1773 1639 1953 1710; x_wconf 86' lang='lat' dir='ltr'>publi-</span> 
     </span>
     <span class='ocr_line' id='line_1_19' title="bbox 243 1711 1958 1790; baseline 0.001 -20"><span class='ocrx_word' id='word_1_135' title='bbox 243 1712 470 1789; x_wconf 69' lang='lat' dir='ltr'>camque</span> <span class='ocrx_word' id='word_1_136' title='bbox 521 1715 799 1790; x_wconf 86' lang='lat' dir='ltr'>Religionis</span> <span class='ocrx_word' id='word_1_137' title='bbox 849 1733 1090 1771; x_wconf 87' lang='lat' dir='ltr'>normam</span> <span class='ocrx_word' id='word_1_138' title='bbox 1118 1752 1137 1778; x_wconf 84' lang='lat'>‚</span> <span class='ocrx_word' id='word_1_139' title='bbox 1167 1714 1280 1771; x_wconf 83' lang='lat' dir='ltr'>haec</span> <span class='ocrx_word' id='word_1_140' title='bbox 1329 1731 1504 1770; x_wconf 89' lang='lat' dir='ltr'>tamen</span> <span class='ocrx_word' id='word_1_141' title='bbox 1541 1714 1576 1769; x_wconf 83' lang='lat' dir='ltr'>fi</span> <span class='ocrx_word' id='word_1_142' title='bbox 1627 1714 1727 1769; x_wconf 86' lang='lat' dir='ltr'>sola</span> <span class='ocrx_word' id='word_1_143' title='bbox 1766 1711 1958 1781; x_wconf 89' lang='lat' dir='ltr'>fuerit,</span> 
     </span>
     <span class='ocr_line' id='line_1_20' title="bbox 243 1788 1948 1862; baseline 0.002 -17"><span class='ocrx_word' id='word_1_144' title='bbox 243 1804 335 1845; x_wconf 87' lang='lat' dir='ltr'>aut</span> <span class='ocrx_word' id='word_1_145' title='bbox 373 1788 710 1862; x_wconf 78' lang='lat' dir='ltr'>paedagogica</span> <span class='ocrx_word' id='word_1_146' title='bbox 744 1788 949 1846; x_wconf 70' lang='lat' dir='ltr'>tantum</span> <span class='ocrx_word' id='word_1_147' title='bbox 984 1791 1234 1847; x_wconf 86' lang='lat' dir='ltr'>charitate</span> <span class='ocrx_word' id='word_1_148' title='bbox 1267 1790 1544 1846; x_wconf 90' lang='lat' dir='ltr'>suadeatur</span> <span class='ocrx_word' id='word_1_149' title='bbox 1580 1791 1781 1861; x_wconf 88' lang='lat' dir='ltr'>absque</span> <span class='ocrx_word' id='word_1_150' title='bbox 1827 1792 1948 1848; x_wconf 80' lang='lat' dir='ltr'>viva</span> 
     </span>
     <span class='ocr_line' id='line_1_21' title="bbox 244 1864 1949 1938; baseline 0.001 -20"><span class='ocrx_word' id='word_1_151' title='bbox 244 1869 304 1926; x_wconf 89' lang='lat'>&amp;</span> <span class='ocrx_word' id='word_1_152' title='bbox 336 1865 591 1936; x_wconf 84' lang='lat' dir='ltr'>spirante,</span> <span class='ocrx_word' id='word_1_153' title='bbox 614 1864 783 1938; x_wconf 67' lang='lat' dir='ltr'>eaque</span> <span class='ocrx_word' id='word_1_154' title='bbox 820 1866 1029 1938; x_wconf 88' lang='lat' dir='ltr'>publica</span> <span class='ocrx_word' id='word_1_155' title='bbox 1050 1866 1365 1922; x_wconf 87' lang='lat' dir='ltr'>authoritate</span> <span class='ocrx_word' id='word_1_156' title='bbox 1399 1866 1663 1938; x_wconf 85' lang='lat' dir='ltr'>judicandi</span> <span class='ocrx_word' id='word_1_157' title='bbox 1695 1870 1756 1924; x_wconf 83' lang='lat'>&amp;</span> <span class='ocrx_word' id='word_1_158' title='bbox 1783 1867 1949 1920; x_wconf 86' lang='lat' dir='ltr'>inter-</span> 
     </span>
     <span class='ocr_line' id='line_1_22' title="bbox 242 1938 1943 2014; baseline 0.003 -22"><span class='ocrx_word' id='word_1_159' title='bbox 242 1941 514 2012; x_wconf 56' lang='lat' dir='ltr'>pretandu</span> <span class='ocrx_word' id='word_1_160' title='bbox 546 1957 884 2014; x_wconf 88' lang='lat' dir='ltr'>nequaquam</span> <span class='ocrx_word' id='word_1_161' title='bbox 910 1938 1098 1997; x_wconf 88' lang='lat' dir='ltr'>sufficit</span> <span class='ocrx_word' id='word_1_162' title='bbox 1135 1958 1212 1997; x_wconf 90' lang='lat' dir='ltr'>tot</span> <span class='ocrx_word' id='word_1_163' title='bbox 1235 1945 1295 1999; x_wconf 90' lang='lat'>&amp;</span> <span class='ocrx_word' id='word_1_164' title='bbox 1324 1956 1430 1994; x_wconf 88' lang='lat' dir='ltr'>tam</span> <span class='ocrx_word' id='word_1_165' title='bbox 1455 1939 1798 2012; x_wconf 85' lang='lat' dir='ltr'>quotidianis,</span> <span class='ocrx_word' id='word_1_166' title='bbox 1819 1956 1943 2012; x_wconf 79' lang='lat' dir='ltr'>quae</span> 
     </span>
     <span class='ocr_line' id='line_1_23' title="bbox 240 2013 1943 2086; baseline 0 -17"><span class='ocrx_word' id='word_1_167' title='bbox 240 2017 379 2070; x_wconf 88' lang='lat' dir='ltr'>circa</span> <span class='ocrx_word' id='word_1_168' title='bbox 414 2015 710 2070; x_wconf 66' lang='lat' dir='ltr'>doctrinam</span> <span class='ocrx_word' id='word_1_169' title='bbox 744 2015 773 2070; x_wconf 67' lang='grc' dir='ltr'><strong><em>ὃ</em></strong></span> <span class='ocrx_word' id='word_1_170' title='bbox 803 2013 1018 2070; x_wconf 88' lang='lat' dir='ltr'>Christo</span> <span class='ocrx_word' id='word_1_171' title='bbox 1042 2016 1323 2071; x_wconf 85' lang='lat' dir='ltr'>revelatam</span> <span class='ocrx_word' id='word_1_172' title='bbox 1343 2052 1357 2076; x_wconf 92' lang='lat'>‚</span> <span class='ocrx_word' id='word_1_173' title='bbox 1393 2014 1503 2069; x_wconf 78' lang='lat' dir='ltr'>imo</span> <span class='ocrx_word' id='word_1_174' title='bbox 1538 2014 1699 2086; x_wconf 86' lang='lat' dir='ltr'>ipsam</span> <span class='ocrx_word' id='word_1_175' title='bbox 1729 2016 1943 2072; x_wconf 83' lang='lat' dir='ltr'>Sacram</span> 
     </span>
     <span class='ocr_line' id='line_1_24' title="bbox 241 2087 1945 2162; baseline -0.004 -17"><span class='ocrx_word' id='word_1_176' title='bbox 241 2089 572 2162; x_wconf 82' lang='lat' dir='ltr'>Scripturam</span> <span class='ocrx_word' id='word_1_177' title='bbox 612 2087 879 2146; x_wconf 75' lang='lat' dir='ltr'>uberrime</span> <span class='ocrx_word' id='word_1_178' title='bbox 914 2089 1277 2150; x_wconf 85' lang='lat' dir='ltr'>succrescunt,</span> <span class='ocrx_word' id='word_1_179' title='bbox 1306 2089 1680 2162; x_wconf 70' lang='lat' dir='ltr'>quaestionibus</span> <span class='ocrx_word' id='word_1_180' title='bbox 1720 2092 1779 2147; x_wconf 91' lang='lat'>&amp;</span> <span class='ocrx_word' id='word_1_181' title='bbox 1813 2104 1945 2146; x_wconf 83' lang='lat' dir='ltr'>con.</span> 
     </span>
     <span class='ocr_line' id='line_1_25' title="bbox 240 2162 1941 2238; baseline -0.001 -16"><span class='ocrx_word' id='word_1_182' title='bbox 240 2164 596 2225; x_wconf 85' lang='lat' dir='ltr'>tentionibus,</span> <span class='ocrx_word' id='word_1_183' title='bbox 610 2164 838 2221; x_wconf 73' lang='lat' dir='ltr'>maxime</span> <span class='ocrx_word' id='word_1_184' title='bbox 870 2181 967 2238; x_wconf 89' lang='lat' dir='ltr'>per</span> <span class='ocrx_word' id='word_1_185' title='bbox 1002 2180 1197 2219; x_wconf 80' lang='lat' dir='ltr'>tenacia</span> <span class='ocrx_word' id='word_1_186' title='bbox 1230 2163 1363 2218; x_wconf 80' lang='lat' dir='ltr'>adeo</span> <span class='ocrx_word' id='word_1_187' title='bbox 1395 2162 1694 2236; x_wconf 68' lang='lat' dir='ltr'>praejudicia</span> <span class='ocrx_word' id='word_1_188' title='bbox 1720 2164 1941 2221; x_wconf 55' lang='lat' dir='ltr'>invectis</span> 
     </span>
     <span class='ocr_line' id='line_1_26' title="bbox 242 2237 1939 2309; baseline 0 -15"><span class='ocrx_word' id='word_1_189' title='bbox 242 2244 303 2299; x_wconf 84' lang='lat'>&amp;</span> <span class='ocrx_word' id='word_1_190' title='bbox 332 2240 601 2302; x_wconf 87' lang='lat' dir='ltr'>radicatis,</span> <span class='ocrx_word' id='word_1_191' title='bbox 623 2239 931 2297; x_wconf 85' lang='lat' dir='ltr'>dirimendis</span> <span class='ocrx_word' id='word_1_192' title='bbox 963 2243 1021 2297; x_wconf 88' lang='lat'>&amp;</span> <span class='ocrx_word' id='word_1_193' title='bbox 1058 2238 1301 2294; x_wconf 75' lang='lat' dir='ltr'>ultimato</span> <span class='ocrx_word' id='word_1_194' title='bbox 1340 2237 1689 2309; x_wconf 81' lang='lat' dir='ltr'>dijudicandis</span> <span class='ocrx_word' id='word_1_195' title='bbox 1715 2273 1733 2298; x_wconf 83' lang='lat'>‚</span> <span class='ocrx_word' id='word_1_196' title='bbox 1773 2238 1939 2309; x_wconf 76' lang='lat' dir='ltr'>prout</span> 
     </span>
     <span class='ocr_line' id='line_1_27' title="bbox 239 2311 1938 2389; baseline 0.002 -20"><span class='ocrx_word' id='word_1_197' title='bbox 239 2313 355 2371; x_wconf 73' lang='lat' dir='ltr'>haec</span> <span class='ocrx_word' id='word_1_198' title='bbox 390 2318 566 2371; x_wconf 87' lang='lat' dir='ltr'>omnia</span> <span class='ocrx_word' id='word_1_199' title='bbox 595 2313 757 2380; x_wconf 69' lang='lat' dir='ltr'>fufius</span> <span class='ocrx_word' id='word_1_200' title='bbox 797 2313 1021 2373; x_wconf 58' lang='lat' dir='ltr'>deducta</span> <span class='ocrx_word' id='word_1_201' title='bbox 1055 2312 1236 2371; x_wconf 89' lang='lat' dir='ltr'>videre</span> <span class='ocrx_word' id='word_1_202' title='bbox 1270 2315 1346 2371; x_wconf 88' lang='lat' dir='ltr'>est</span> <span class='ocrx_word' id='word_1_203' title='bbox 1380 2315 1432 2369; x_wconf 90' lang='lat' dir='ltr'>in</span> <span class='ocrx_word' id='word_1_204' title='bbox 1460 2311 1717 2370; x_wconf 82' lang='lat' dir='ltr'>Differtat.</span> <span class='ocrx_word' id='word_1_205' title='bbox 1740 2313 1810 2371; x_wconf 89' lang='lat' dir='ltr'>de</span> <span class='ocrx_word' id='word_1_206' title='bbox 1829 2315 1938 2389; x_wconf 80' lang='lat' dir='ltr'>Ju-</span> 
     </span>
    </p>
   </div>
   <div class='ocr_carea' id='block_1_4' title="bbox 238 2388 1166 2471">
    <p class='ocr_par' dir='ltr' id='par_1_4' title="bbox 238 2388 1166 2471">
     <span class='ocr_line' id='line_1_28' title="bbox 238 2388 1166 2471; baseline -0.001 -23"><span class='ocrx_word' id='word_1_207' title='bbox 238 2406 299 2449; x_wconf 84' lang='lat' dir='ltr'>re</span> <span class='ocrx_word' id='word_1_208' title='bbox 331 2388 562 2450; x_wconf 88' lang='lat' dir='ltr'>Reform.</span> <span class='ocrx_word' id='word_1_209' title='bbox 603 2395 838 2471; x_wconf 82' lang='lat' dir='ltr'>antiquo.</span> <span class='ocrx_word' id='word_1_210' title='bbox 874 2391 1041 2450; x_wconf 84' lang='lat' dir='ltr'>Artic.</span> <span class='ocrx_word' id='word_1_211' title='bbox 1072 2388 1166 2448; x_wconf 83' lang='lat' dir='ltr'>lv.</span> 
     </span>
    </p>
   </div>
   <div class='ocr_carea' id='block_1_5' title="bbox 1714 2581 1926 2671">
    <p class='ocr_par' dir='ltr' id='par_1_5' title="bbox 1714 2581 1926 2671">
     <span class='ocr_line' id='line_1_29' title="bbox 1714 2581 1926 2671; baseline -0.005 0"><span class='ocrx_word' id='word_1_212' title='bbox 1714 2599 1858 2671; x_wconf 60' lang='lat' dir='ltr'>xvi</span> <span class='ocrx_word' id='word_1_213' title='bbox 1920 2581 1926 2589; x_wconf 78' lang='grc'><em>“</em></span> 
     </span>
    </p>
   </div>
  </div>
 </body>
</html>
