2144 2852
219 206 325 251 110
767 186 941 266 Q&
986 190 1014 261 )
1052 206 1091 246 0
1129 187 1158 260 (
1201 184 1375 265 ⁰3³.ss

342 318 409 376 V.
452 316 602 394 Qid
631 319 772 375 enim
807 320 881 376 est
919 317 1119 394 uspiam
1141 358 1154 380 ‚
1175 319 1336 394 quod
1378 316 1641 375 difficilius
1668 314 1726 376 se
1761 318 1920 396 subji-

213 397 343 459 ciat,
366 395 532 470 quam
576 392 746 452 sensus
779 395 983 458 noster,
1018 413 1077 452 ac
1106 393 1363 469 judicium
1391 395 1413 452 ζ
1452 393 1664 470 Possunt
1699 394 1952 470 quidem·

213 470 527 531 Monarchae
567 470 829 534 militum,
872 467 1236 546 librorumque
1275 471 1563 527 ministerio
1596 467 1841 532 efficere,
1865 485 1927 528 ut
1967 514 1975 520 .

221 547 335 610 fiat,
368 547 520 622 quod
554 546 783 619 volunt3
822 564 881 604 ut
913 563 1089 603 autem
1124 563 1315 604 eorum
1353 548 1574 620 imperia
1608 546 1928 620 probentur,

220 641 282 681 ut
311 624 438 697 justa
472 628 532 683 &
570 622 795 697 provida
829 622 1160 698 judicentur,
1199 640 1266 679 ne
1302 621 1367 679 ab
1401 625 1461 678 iis
1495 622 1717 697 quidem
1757 624 1928 695 impe-

222 717 361 756 trare
422 696 635 772 possunt
658 736 677 761 ‚
728 700 822 772 qui
880 696 1081 756 faciunt
1093 721 1110 762 2
1146 715 1208 755 ut
1241 699 1553 756 executioni·
1585 697 1926 756 mandentur.

218 774 407 832 Tan-to
444 771 650 832 facilius
687 774 763 830 est
786 774 1086 832 voluntates
1108 812 1123 837 ,
1163 772 1329 848 quam
1367 774 1559 848 judicia
1595 772 1929 848 populorum
1976 798 1984 807 ·

219 850 317 908 sub
355 853 546 925 jugum
573 851 813 907 mittere.
910 848 1196 907 Haec-sane
1230 866 1290 906 ut
1320 854 1669 923 congenitum
1709 849 1928 906 >liberta-

222 929 289 984 tis
323 926 423 984 suae
458 923 581 1001 plus
617 924 732 982 satis
768 925 947 982 liberae
981 925 1064 999 jus
1093 943 1368 986 tueantur,
1390 922 1676 981 difficulter
1709 923 1931 997 dignan-

221 1019 312 1060 tur
352 1004 579 1077 probare
612 1000 697 1063 id,
728 999 881 1076 quod
914 1002 1022 1058 aliis
1056 1002 1120 1058 ad
1155 1019 1271 1058 eam
1319 1001 1489 1057 diem·
1516 999 1805 1074 probatum
1841 999 1932 1058 est.

221 1078 295 1134 Et.
327 1094 634 1152 quanquam
672 1075 775 1132 hoc
809 1078 1055 1133 omnium
1086 1077 1161 1133 est
1191 1115 1204 1139 ,
1241 1094 1432 1133 eorum
1466 1072 1931 1136 tamenmaxime,
1985 1103 1989 1111 ι

223 1154 319 1228 qui
355 1153 546 1209 Literis
594 1150 785 1206 exculti
835 1149 954 1207 sunt
990 1169 1006 1225 3
1044 1170 1181 1226 quos
1213 1155 1348 1209 inter
1381 1155 1470 1207 vix
1520 1152 1656 1206 ullus
1689 1151 1795 1213 est,
1837 1151 1934 1224 qui

224 1229 414 1302 majori
450 1226 542 1283 fibi
590 1225 773 1299 gloriae
810 1225 969 1283 ducat
1004 1227 1269 1299 poffidere
1296 1265 1315 1290 ‚
1365 1226 1529 1302 quam
1570 1227 1810 1282 invenire
1840 1225 1937 1280 ve·'

224 1321 367 1360 rum.
465 1302 619 1358 Hinc
645 1299 776 1355 nihil
798 1303 860 1356 in
898 1300 1018 1373 ipsis
1053 1304 1275 1375 pronius
1302 1339 1320 1364 ‚
1354 1301 1516 1376 quam
1551 1318 1691 1356 nova
1725 1300 1935 1372 sectari3

227 1383 291 1440 &
323 1394 562 1453 quorum
595 1375 799 1449 Ingenii
834 1378 921 1431 vis·
935 1375 1001 1431 ad
1037 1395 1177 1432 nova
1208 1377 1556 1449 excogitanda
1587 1374 1638 1430 se
1668 1391 1778 1431 non
1811 1391 1938 1448 por-

226 1456 380 1528 rigit,
416 1451 474 1508 id·
500 1449 676 1507 saltem
708 1467 904 1523 agunt,
940 1468 1000 1508 ut
1034 1469 1214 1508 vetera
1253 1453 1403 1508 aliter
1442 1453 1644 1513 dicant,
1677 1466 1838 1524 atque
1869 1448 1936 1506 ita

229 1546 388 1587 canos
425 1526 834 1600 quodammodo
871 1527 1115 1583 Veritatis
1145 1529 1198 1583 in
1236 1531 1460 1600 primam
1484 1527 1790 1599 lanuginem
1822 1542 1939 1581 mu·

230 1621 359 1664 tent.
433 1598 710 1659 Coeteriim
748 1617 846 1657 nec
880 1602 975 1657 isto
1012 1605 1282 1662 contenti,
1333 1620 1439 1658 tam
1490 1601 1830 1675 propendent
1870 1598 1940 1661 ad
1989 1620 1992 1623 ·

229 1675 710 1739 contradicendum*
729 1676 865 1739 aliis,
894 1693 952 1733 ut
980 1677 1142 1735 hodie
1173 1675 1437 1734 difficilius
1466 1678 1552 1739 fit,
1574 1678 1812 1732 invenire
1838 1675 1941 1732 do-

233 1757 381 1814 &um
418 1769 545 1811 cum
576 1751 679 1808 alio
716 1751 878 1808 docto
901 1755 956 1808 in
987 1753 1238 1811 omnibus
1272 1752 1425 1826 plane
1448 1752 1788 1828 opinionibus
1810 1767 1941 1808 con-

235 1833 575 1888 sentientem,
609 1825 773 1901 quam
806 1827 1061 1900 globum,
1093 1831 1188 1906 qui
1223 1831 1477 1886 immotus
1511 1829 1721 1885 alterius
1759 1826 1941 1901 super-

235 1907 367 1964 ficiei
389 1901 607 1979 *pancio
644 1900 845 1958 insistat.
1120 1942 1124 1945 .

327 2080 333 2087 =
365 2054 459 2111 VI.
495 2051 698 2129 Neque
734 2066 872 2109 tanta
919 2048 1033 2107 haec
1065 2049 1350 2108 concordia
1386 2050 1440 2105 in
1478 2047 1601 2106 rudi
1639 2046 1808 2120 vulgo
1840 2051 1941 2106 mi·-

237 2149 339 2190 nus
374 2129 731 2186 admirationis
766 2127 962 2184 habere
998 2128 1208 2198 potest:
1257 2123 1408 2199 quod
1454 2124 1530 2182 uti
1555 2124 1658 2180 'soli
1692 2124 1941 2184 sensuum

241 2207 440 2282 judicio
474 2202 757 2267 assuetum,
787 2199 1100 2260 certiffimas·
1123 2218 1231 2256 non
1273 2199 1394 2256 raro
1443 2199 1770 2257 scientiarum
1810 2219 1944 2259 con-

242 2281 508 2341 clufiones
545 2295 789 2336 numerat
840 2280 975 2333 inter
1061 2277 1284 2332 aradoxa
1316 2293 1330 2346 3
1384 2274 1452 2333 ita
1489 2276 1783 2333 constanter
1818 2294 1945 2335 vera

244 2373 494 2431 reputare
526 2372 706 2411 arcana
740 2371 846 2410 tam
884 2354 1003 2407 inau
1049 2351 1113 2406 ita
1147 2357 1206 2411 &
1239 2367 1344 2408 tam
1378 2351 1945 2425 incomprehensibilia,

243 2438 306 2494 &
337 2433 488 2504 supra
517 2447 710 2486 omnes
737 2426 909 2484 sensus
944 2423 993 2481 se
1028 2425 1265 2483 attollere
1288 2444 1396 2483 non
1423 2427 1622 2500 posset,
1643 2426 1737 2488 nisi
1761 2426 1790 2483 a
1823 2426 1943 2501 spe-
1993 2453 1998 2458 ·

244 2507 355 2565 ciali
371 2505 588 2588 “Divina
621 2503 953 2580 providentia
987 2499 1214 2576 suaviter
1253 2506 1313 2563 &
1351 2518 1597 2577 potenter
1633 2502 1946 2577 disponente

373 2605 376 2607 Α
476 2622 478 2625 <
1742 2592 1869 2632 con-
