2144 2852
231 216 343 289 136
787 209 1395 292 Qffmmffiaffl

396 341 571 399 XXX.
646 341 932 401 Recensere
966 343 1057 400 ista
1093 344 1364 419 prolixum
1399 344 1557 402 nimis
1593 342 1758 409 foret,
1807 350 1869 409 δι
1903 346 1935 406 a

231 418 508 495 proposito
541 417 720 477 nostro
755 419 843 477 bic
873 420 1130 483 alienum,
1161 425 1221 482 δε
1254 420 1321 478 ab
1352 420 1467 478 *aliis
1504 419 1619 477 satis
1642 425 1717 482 ³&
1768 422 1939 480 abun·-

233 494 301 553 ἀὲ
343 495 446 568 jam
482 494 798 567 praestitum,
828 498 920 571 qui
950 511 1015 552 ex
1050 497 1264 554 testibus
1284 495 1486 554 idoneis
1506 495 1828 571 plerumque
1848 514 1940 555 co·-

230 573 353 627 aevis
390 568 471 624 illa
508 585 606 642 per
655 569 966 629 saeculorum
1000 570 1337 629 diversorum
1385 570 1571 628 seriem
1619 573 1934 630 retulerunta

231 646 301 703 Et
340 643 587 719 quamvis
624 643 728 719 jam
774 647 864 704 IV.
917 647 984 703 V.
1016 652 1078 708 &
1100 648 1192 705 VI.
1232 647 1444 706 Saeculis
1477 650 1670 704 rariora
1706 647 1807 705 esse
1829 665 1944 708 coe-·

231 723 440 796 perine,
475 717 604 776 cum
645 721 844 797 Religio
880 721 1171 781 Christiana
1207 723 1311 797 jam
1348 740 1466 780 tum
1511 721 1737 780 radicata
1773 724 1940 782 conti-

231 799 352 855 nuis
401 797 662 869 ejusmodi
699 799 1098 871 irrigationibus
1133 809 1246 857 non'
1278 796 1506 874 amplius
1552 797 1842 872 indigeret,
1875 802 1941 860 δε

230 871 612 946 imperantibus
643 872 951 961 Cbristianis‘
980 873 1424 949 Imperatoribus,
1457 873 1684 962 extinffli
1715 875 1940 950 Tyrana

231 946 1940 1107 331¹?ssb32252032⁰33a1it¹ffis22¹?2‘zlz‘xffoi-ffifiaffisst

232 1098 481 1155 videntiae
511 1098 718 1156 Divinae
751 1102 844 1158 viis
884 1098 1313 1173 diffunderetur3
1350 1100 1446 1157 illis
1484 1116 1662 1157 tamen
1692 1117 1800 1157 non
1842 1116 1941 1173 pe-

233 1172 374 1230 nitus
408 1190 469 1228 ea
500 1172 683 1230 saecula
712 1176 958 1239 caruisse,
995 1175 1441 1252 irrefragabilibus
1476 1175 1795 1233 Sanctorum
1841 1175 1947 1231 Pa·-

233 1263 383 1305 trum
420 1263 730 1304 coaevorum
754 1287 774 1313 ‚
822 1268 882 1307 ac
933 1254 1070 1307 inter
1112 1252 1213 1309 hos
1257 1254 1349 1310 Au
1393 1252 1544 1308 ustini
1587 1255 1651 1311 &
1687 1250 1941 1325 Gregorii

230 1323 539 1380 testimoniis
573 1323 787 1382 constat.
884 1324 950 1381 Et
991 1324 1105 1382 haec
1136 1328 1242 1399 jam
1283 1325 1340 1383 su
1403 1338 1586 1382 cerent
1622 1323 1690 1381 ad
1725 1323 1942 1382 concilis

232 1397 423 1454 andam
459 1396 705 1455 -Ecclefiae
741 1399 1032 1460 ‚Catholicae
1067 1415 1177 1474 prae
1209 1400 1317 1457 aliis
1355 1401 1605 1456 omnibus
1638 1398 1939 1457 Christiano

233 1475 454 1530 nomine
485 1473 758 1547 appellatis
781 1475 1014 1532 coetibus·
1035 1475 1433 1533 credibilitatem
1461 1492 1476 1546 ;
1514 1473 1641 1532 cilm
1670 1473 1786 1535 satis
1808 1491 1939 1532 con·

131 1605 142 1614 ,
233 1549 360 1611 stet,
403 1552 464 1608 &
497 1550 510 1602 i
556 1548 704 1606 simet
735 1548 1032 1621 fateantur,
1076 1551 1396 1608 modernam
1432 1549 1715 1607 Ecclesiam
1749 1550 1939 1607 Roma-

229 1622 524 1683 *no-Catho
545 1625 680 1681 icam
711 1627 765 1682 in
797 1620 1023 1683 articulis
1056 1623 1158 1683 suis
1208 1622 1490 1700 pr'aecipuis
1531 1626 1667 1684 hanc
1711 1622 1846 1682 inter
1875 1629 1939 1688 &

231 1698 368 1837 igsos
398 1700 754 1786 controversis
785 1718 912 1760 cum
947 1699 1174 1760 Ecclesia
1205 1701 1424 1761 illorum
1446 1701 1761 1761 saeculorum
1783 1711 1940 1777 aper-⁵

230 1791 255 1836 t
312 1788 626 1836 convenire.
851 1795 853 1797 ·
1927 1794 1930 1797 ’

419 1925 620 1984 XXXI.
659 1924 780 1984 Nec
814 1941 991 1986 tamen
1026 1931 1185 1987 etiam
1220 1927 1482 2004 posterior
1508 1922 1612 1984 fuit
1646 1940 1771 1984 aetas
1802 1923 1939 1990 ulla,

232 2003 290 2069 in
327 2001 434 2075 qua
467 2019 578 2076 non
611 2001 783 2078 aliqua
818 2008 1151 2078 reperiantur
1189 2005 1219 2061 a
1255 2003 1612 2077 Scriptoribus
1646 2003 1837 2060 coaevis
1869 2006 1939 2062 ’δε

233 2076 455 2135 testibus
485 2080 635 2153 omni
669 2079 981 2153 exceptione
1012 2079 1300 2154 majoribus
1333 2077 1506 2133 relata
1542 2094 1559 2149 3
1607 2093 1729 2150 quae
1764 2075 1936 2138 osten÷

233 2145 404 2216 dunt,
426 2158 538 2211 nec*
558 2153 870 2211 novioribus
899 2153 1103 2210 saeculis*
1136 2151 1205 2209 ad
1242 2169 1340 2208 nos
1370 2154 1543 2225 usque
1579 2151 1941 2210 abbreviatam

235 2226 338 2285 effe
368 2245 530 2285 manu
631 2229 864 2286 Domini.
975 2229 1078 2290 His
1108 2244 1289 2285 autern
1326 2225 1767 2301 historiographis
1797 2224 1939 2301 Syn-¹

236 2303 483 2366 chi-onis,
559 2299 591 2360 e
624 2303 1024 2379 quotum-alias
1055 2305 1351 2377 integritate
1392 2301 1532 2359 nulla
1574 2303 1649 2359 est
1680 2300 1902 2376 suspicio
1921 2342 1942 2366 ‚.

239 2377 370 2436 fides
405 2378 511 2435 sine
550 2379 719 2436 dubio
755 2380 829 2436 est
863 2378 1162 2436 adhibenda
1182 2416 1200 2441 ‚
1234 2377 1358 2436 cum
1402 2376 1589 2453 scripta
1621 2394 1813 2434 eorum
1845 2396 1941 2452 pa-

237 2452 344 2510 lam
379 2455 434 2510 in
467 2455 662 2527 vulgus
709 2453 849 2512 edita
896 2459 958 2516 &
990 2455 1237 2511 omniurn
1292 2452 1523 2511 censurae
1562 2451 1823 2527 exposita,
1870 2470 1940 2511 eo
2008 2480 2014 2483 ‘

239 2528 354 2603 ipso
380 2521 653 2605 tempore,
672 2547 786 2607 quo
804 2530 948 2607 gesta
979 2526 1280 2589 referebant
1298 2566 1318 2597 ‚
1337 2529 1538 2605 absque
1561 2529 1940 2663 omngjffmm‘

1789 2617 1861 2661 ιο·
