2144 2852
746 187 921 268 &303⁵
965 191 994 263 >
1033 190 1134 264 0(
1177 188 1350 268 53³⁰&
1789 204 1906 247 211³

199 325 493 380 etiamnum
549 319 844 394 perdurat,
893 327 953 381 &
1002 319 1311 393 poffeffione
1345 337 1404 378 ac
1455 319 1571 393 jure
1622 316 1908 377 servorum

198 416 359 471 atque
398 397 661 459 filiorum,
693 397 841 470 quod
871 398 899 453 a
924 396 974 452 se
1003 395 1268 471 fugerint,
1305 394 1650 473 nequaquam
1681 393 1905 470 spolian-

199 489 288 531 tur
326 473 546 530 Domini
580 488 741 547 atque
776 470 1036 546 parentes·

381 622 498 680 Vll.
537 620 704 696 Qod
740 621 961 696 quidem
996 620 1078 696 jus
1117 639 1279 696 atque
1312 618 1538 696 potestas
1571 622 1819 694 quamvis
1847 622 1905 678 in

198 699 472 754 internum
503 701 658 754 etiam
691 697 1015 754 conscientiae
1052 694 1235 754 forum
1288 712 1558 772 penetret,
1595 699 1647 751 in
1702 712 1792 753 eos
1832 713 1903 753 ta-

199 789 327 829 men
361 775 593 830 exerceri
629 790 740 830 non
774 773 933 834 solet,
967 774 1063 847 qui
1104 774 1411 846 opinionem
1443 770 1715 845 quandam
1765 771 1909 844 judi-

199 850 285 903 cio
316 848 385 904 illi
414 848 628 922 publico
658 847 899 905 Ecclefiae
926 845 1179 905 divinitus
1213 847 1502 904 authoratae
1526 845 1799 903 adversam
1828 849 1904 903 in-

200 923 362 980 terius
398 926 451 980 in
473 926 653 981 animo
680 940 892 986 tenent,
924 923 1178 980 Haeretici
1211 922 1349 997 pure
1382 921 1634 978 mentales
1666 920 1793 978 inde
1827 921 1907 978 di-

199 996 300 1060 ffl,
333 998 421 1055 sed
456 1001 512 1055 in
544 1016 634 1056 eos
665 999 941 1061 duntaxat,
967 1000 1060 1073 qui
1093 997 1391 1055 voluntarie
1421 1012 1655 1054 errantes
1677 994 1912 1054 exterius

200 1071 504 1130 doctrinam
533 1074 794 1147 ejusmodi
817 1091 944 1131 cum
976 1075 1259 1148 pertinacia
1285 1071 1604 1148 profitentur
1626 1088 1788 1146 atque
1809 1071 1905 1129 de·-

199 1144 444 1206 fendunt.
524 1151 851 1225 Quanquam
887 1151 1032 1206 enim
1067 1148 1238 1221 fidelis
1271 1150 1611 1224 quiscunque
1637 1150 1795 1203 etiam
1827 1149 1904 1204 in..

201 1238 385 1281 ternos
433 1228 626 1282 mentis
659 1242 951 1300 conceptus
998 1223 1224 1280 definitis
1275 1224 1341 1280 ab
1380 1221 1606 1280 Ecclefia
1643 1220 1913 1296 dogmatis

200 1297 538 1356 conformare
576 1316 816 1357 teneatur
843 1337 862 1363 ,
904 1316 1064 1374 atque
1111 1298 1337 1355 Haeresis
1377 1296 1616 1354 mentalis
1649 1297 1705 1354 id
1741 1315 1907 1354 omne

200 1391 259 1431 ac
288 1391 461 1432 totum
500 1375 715 1439 habeat,
747 1374 899 1451 quod
949 1374 1016 1431 ad
1052 1374 1299 1430 malitiam
1343 1372 1457 1447 ejus
1494 1371 1669 1429 deliffi
1703 1372 1909 1428 deside-

203 1466 396 1521 ratur;
434 1450 464 1506 a
501 1453 670 1524 poenis
715 1467 896 1508 tamen>
936 1449 1298 1506 Ecclefiasticis
1327 1489 1341 1510 ‚
1379 1447 1602 1522 ejusque
1651 1448 1908 1519 potestate

201 1523 432 1580 coafitiva
493 1527 781 1586 eximitur,
822 1542 883 1581 ac
937 1523 1095 1581 solius
1131 1524 1230 1580 Dei
1278 1522 1521 1578 vindictae
1564 1521 1908 1594 relinquitur,

202 1597 354 1670 cujus
388 1596 570 1660 solius,
590 1599 741 1655 velut
761 1599 1077 1657 Scrutatoris
1119 1614 1314 1654 renum
1345 1602 1408 1656 &
1442 1595 1719 1657 cordium,
1741 1594 1909 1652 reser-

203 1690 390 1731 vatum
422 1674 497 1730 est
527 1674 755 1729 internas
788 1672 1073 1728 hominum
1123 1672 1468 1743 cogitationes
1501 1669 1581 1727 uti
1623 1669 1910 1743 cognosce-

203 1767 292 1812 re,
321 1747 390 1804 ita
424 1754 485 1809 &
521 1747 731 1823 punire.
803 1745 1029 1803 Ecclesia
1063 1763 1244 1803 autem
1279 1745 1348 1802 de
1383 1746 1636 1808 internis,
1672 1763 1795 1819 quae
1829 1745 1910 1803 in-

205 1840 286 1882 tra
325 1840 563 1880 mentem
597 1823 826 1886 latitant,
861 1826 922 1882 &
957 1823 1012 1877 in
1061 1820 1171 1878 solo
1220 1835 1484 1894 conceptu
1533 1819 1715 1876 fistunt
1740 1856 1760 1882 ,
1797 1837 1913 1879 non

204 1898 475 1974 cognoscit
508 1914 600 1956 aut
626 1897 847 1973 judicat,
869 1913 996 1959 nec,
1018 1898 1142 1970 quia
1174 1897 1514 1969 ignorantur,
1537 1911 1751 1969 poenam
1770 1911 1909 1969 prae-

202 1974 286 2032 viii
325 1974 578 2032 duntaxat
635 1974 941 2048 cognitione
975 1971 1320 2046 infligendam
1363 1972 1626 2044 imponit,
1665 1968 1796 2027 ficut
1844 1974 1909 2033 δε

203 2049 325 2107 alias
360 2067 521 2108 nemo
569 2050 897 2123 cogitationis
937 2064 1150 2122 poenam
1213 2045 1464 2103 sustinere
1511 2046 1758 2119 cogitur,
1806 2060 1909 2104 neo

205 2124 612 2255 cogiltjationibus
633 2123 966 2187 scandalum,
998 2121 1230 2181 vindicta
1256 2119 1466 2197 publica
1497 2118 1908 2186 resarciendum,

204 2215 315 2273 prae
357 2216 496 2258 etur.

350 2343 495 2403 VllI.
532 2346 700 2404 Porro
738 2345 869 2406 ficut
909 2362 1018 2406 tota
1052 2346 1166 2406 haec
1199 2344 1424 2424 potestas
1455 2342 1605 2402 mere
1635 2340 1912 2419 spiritualis

209 2420 313 2483 est,
341 2421 410 2477 ita
438 2426 499 2482 &
534 2421 1119 2496 spiritualibus-nonnisi
1151 2427 1308 2481 armis
1344 2425 1405 2482 δε
1438 2422 1636 2494 poenis,
1668 2438 1791 2495 quae
1825 2419 1909 2477 so·-

209 2495 272 2552 1ae
306 2513 371 2553 ex
403 2497 540 2623 Jure
569 2497 767 2556 Divino
795 2499 863 2558 ad
893 2498 1175 2631 Εοεῧεὲἰῆῐὲι
1210 2497 1388 2574 gladio
1419 2495 1671 2554 materiali
1696 2496 1911 2630 dteastlmmqn
