2144 2852
236 154 392 255 ιε’
771 136 1471 269 samaa

229 324 389 390 restet
421 320 575 380 nobis
610 318 982 385 ediscendum,
1006 317 1157 396 quod
1194 319 1348 378 unice
1373 317 1499 377 scire
1523 318 1698 395 juvat,
1724 323 1937 396 &pro-i

230 400 299 457 be
333 417 514 457 tenere
545 396 744 456 necesse
777 398 875 461 est,
899 402 961 459 &
994 396 1102 453 fine
1136 413 1275 470 quo,
1311 395 1578 471 quidquid
1615 395 1939 470 splendoris,

216 474 499 551 ‹quidquid
538 474 764 532 utilitatis
794 476 849 529 in
878 474 1238 530 humanarum
1269 471 1662 545 disciplinarum
1697 473 1942 532 curricu-

231 552 287 610 lo
318 551 570 614 habetur,
597 552 749 607 inane
775 550 881 614 est,
918 553 980 611 &
1014 547 1165 606 flocci
1197 545 1523 606 faciendum

365 702 455 760 IV.
494 700 574 756 Ex
595 702 776 757 innato
808 698 913 757 hoc
943 703 1004 760 &
1031 697 1335 762 universali,
1354 697 1504 773 quod
1529 695 1838 757 hominibus
1865 699 1942 758 ini

235 778 338 843 est,
369 778 601 835 veritatis
627 776 956 851 affequendae
987 774 1247 831 desiderio
1266 815 1279 837 ‚
1300 792 1391 832 aut
1426 775 1543 847 jure
1579 774 1809 832 evitandi
1856 792 1941 832 er.
2012 782 2014 785 ·

235 856 371 912 roris
405 867 496 909 aut
531 851 860 926 expellendi,
901 848 1028 908 cum
1064 850 1215 907 illum
1271 851 1478 907 incaute
1512 848 1819 915 induerint,
1851 869 1944 908 ve-

235 931 520 987 hementer
569 945 791 1003 quoque
825 926 1026 1000 impelli
1060 925 1111 981 se
1160 924 1412 988 sentiunt,
1453 939 1513 981 ut
1559 924 1789 997 aliquam
1840 924 1943 983 esse

235 1020 428 1081 putent
460 1003 526 1060 ad
550 1005 828 1059 veritatem
857 1004 1013 1058 viam.
1086 999 1155 1057 Et
1182 1000 1220 1056 fi
1244 1018 1425 1057 veram
1449 999 1774 1072 ReligIOnem
1798 1019 1944 1076 quae-

237 1098 357 1138 rere
393 1096 502 1135 non
532 1075 737 1134 tantum
772 1076 1055 1132 honestum
1087 1094 1146 1132 ac
1187 1077 1344 1140 utile,
1383 1075 1472 1132 sed
1506 1081 1567 1135 &
1602 1074 1943 1133 necessarium

237 1157 349 1218 est,
382 1153 706 1228 consequens
739 1152 814 1208 est
850 1153 1032 1214 etiam,
1057 1167 1116 1208 ut
1146 1151 1400 1210 adhibere
1433 1152 1582 1207 liceat
1608 1167 1666 1209 ac
1699 1165 1944 1222 oporteat

238 1233 501 1288 rationem
548 1226 823 1304 quaerendi
874 1229 1135 1300 optimam
1191 1232 1252 1288 &
1307 1229 1552 1284 omnium
1601 1227 1944 1303 aptiffimam,
2008 1248 2011 1251 ·

238 1324 340 1382 per
377 1322 540 1382 quam
576 1303 786 1380 quaesita
817 1301 1064 1360 tutiffime
1106 1305 1418 1361 inveniatur.
1923 1330 1926 1334 ·

390 1455 459 1512 V.
496 1454 651 1510 Viam
687 1451 951 1526 ejusmodi
983 1449 1182 1510 facilius
1220 1458 1280 1515 &
1303 1448 1533 1510 securius
1566 1454 1848 1511 veritatem
1865 1454 1944 1511 in-'

240 1530 467 1605 dagandi
503 1531 948 1604 opportuniorem
987 1530 1228 1585 nonnulli
1268 1532 1404 1586 inter
1442 1528 1788 1603 philosophos
1827 1548 1945 1588 eam

240 1604 632 1668 existimarunt,
665 1603 771 1675 qua
808 1603 837 1658 a
871 1604 1198 1661 dubitatione
1233 1606 1530 1660 instituatur
1553 1606 1668 1660 iter.
1739 1604 1947 1677 Tripli-

242 1700 363 1740 cem
397 1682 542 1737 enim
576 1677 727 1736 fuisse
749 1678 1143 1753 Philosophiam
1177 1698 1336 1737 nemo
1370 1677 1518 1736 facile
1539 1681 1772 1753 ignorat:
1814 1679 1946 1736 Eam

242 1754 482 1832 primum
504 1794 519 1818 ‚
557 1772 679 1829 quae
710 1772 807 1827 per
844 1757 1105 1811 rationem
1145 1755 1299 1830 plene
1346 1774 1405 1812 ac
1445 1753 1720 1829 perspicue
1754 1755 1947 1812 verita·
2030 1763 2033 1766 ’

244 1849 355 1888 tem
391 1832 534 1887 cerni
569 1828 745 1902 posse,
777 1829 1013 1887 censuit:
1051 1846 1212 1904 atque
1248 1831 1362 1888 haec
1396 1831 1839 1903 Dogmaticorum
1871 1830 1947 1887 di·

244 1907 327 1963 ἃᾶ
361 1903 498 1976 fuit3
577 1903 817 1960 Alteram
842 1941 858 1965 ‚
889 1922 1011 1977 quae
1036 1906 1362 1979 deprehensa
1398 1907 1623 1961 Rationis
1658 1903 1946 1961 obscurita-

245 1996 300 2038 te
327 1978 455 2036 nihil
495 1978 543 2033 se
580 1976 706 2033 scire
741 1977 965 2049 professa
995 1981 1069 2035 est
1104 1998 1119 2051 3
1156 1981 1245 2037 sed
1284 1981 1538 2055 quoniam
1575 1978 1946 2039 obscuritatem
1997 1991 1999 1993 ’

245 2055 383 2113 hanc
418 2071 514 2129 per
550 2053 726 2109 locem
765 2052 987 2109 Rationis
1016 2055 1362 2127 agnoscebat,
1399 2055 1504 2111 hoc
1539 2053 1711 2128 ipsum
1755 2056 1945 2112 dunta-

246 2148 334 2188 xat
365 2130 489 2186 scire
511 2130 561 2184 se
591 2129 746 2191 dixit,
776 2127 927 2202 quod
951 2128 1077 2184 nihil
1112 2130 1280 2187 sciret.
1351 2128 1558 2187 Verum
1587 2129 1861 2202 Arcesylas
1885 2137 1947 2192 &

245 2206 488 2281 Pyrrho,
511 2203 781 2278 perspefi’ta
813 2203 999 2259 eadem
1020 2205 1246 2262 Rationis
1265 2205 1747 2268 obscuritate‚nihil
1775 2205 1950 2264 se‘sci-

247 2301 308 2339 re
339 2282 623 2341 dixerunt,
671 2278 825 2353 aeque
857 2277 918 2335 ut
954 2279 1149 2352 altera3
1187 2279 1311 2338 cum
1361 2298 1537 2339 tamen
1574 2284 1827 2355 praeterea
1864 2282 1948 2340 lu-

247 2375 367 2414 cem
403 2356 564 2430 ipsam
598 2356 859 2417 Rationis,
897 2372 996 2428 per
1028 2373 1191 2431 quam
1228 2356 1283 2412 id
1328 2356 1727 2431 perspexerant,
1763 2374 1948 2431 crepe-

248 2450 363 2488 ram
393 2430 677 2493 sensissent,
705 2429 946 2504 adeoque
980 2433 1233 2488 incertam
1260 2432 1582 2505 judicarent,
1606 2449 1667 2489 ut
1691 2430 1817 2487 nihil
1850 2451 1946 2503 per

249 2523 368 2562 eam
399 2504 535 2560 clare
569 2507 736 2562 videri
775 2505 979 2580 posset,
1016 2525 1084 2565 ne
1127 2506 1231 2566 hoe
1267 2509 1491 2584 quidem
1533 2505 1975 2567 certo-affirmffi*

250 2596 400 2646 runt,
432 2579 583 2655 quod
618 2580 748 2643 nihil
781 2580 986 2640 scirent.
1662 2653 1738 2715 VI
1770 2656 1821 2716 A
