2144 2852
246 220 335 299 ‘9²6
810 217 986 303 0300&
1030 221 1063 300 >s
1097 240 1135 282 0
1171 219 1201 303 (1
1244 213 1419 303 ᾧῷ

257 356 433 413 stianae
467 354 751 429 Religionis·
779 357 1055 414 veritatem
1086 353 1492 418 non-inclamet,
1514 350 1584 417 fi,
1612 350 1959 414 enimomnes

251 431 506 488 homines
536 431 701 489 salvos
750 429 863 488 fieri
889 468 908 495 ,
952 436 1014 493 &
1043 431 1109 488 ad
1143 432 1469 506 agnitionem
1507 431 1737 487 veritatis
1771 431 1958 494 venire

258 507 417 572 velit,
450 506 812 583 omnibusque
831 506 1184 582 Evangelium
1210 504 1501 580 praedicari,
1522 510 1584 566 &
1607 506 1675 563 ab
1706 505 1960 564 omnibus

257 583 475 658 suscipi,
510 581 772 639 mandarit
806 582 982 647 Deus,
1003 581 1071 639 ita
1109 582 1175 638 ab
1213 580 1406 638 eodem
1446 580 1720 638 constituta
1753 577 1964 646 fuisset,

260 676 482 734 ut,quae
511 658 610 714 sint
631 675 757 714 vera
779 656 895 732 ejus
915 657 1167 732 dogmata
1188 656 1443 714 divinitus
1464 654 1964 729 revelata,dignosci

259 732 461 794 facilius
494 751 604 790 non
637 748 824 808 queat,
864 733 956 789 nisi
995 750 1095 809 per
1128 732 1235 789 hoc
1265 731 1536 794 arduum,
1563 733 1853 794 incertum,
1881 743 1964 789 toe

260 810 369 885 jam
400 807 672 867 erroribus
705 809 1056 872 obvolutum,
1086 806 1399 883 impoffibile
1435 807 1708 870 omnibus,
1743 811 1806 868 &
1833 805 1970 872 sema

259 903 361 961 per
395 882 754 961 periculosum
784 887 1058 962 privatum
1090 885 1488 959 Scripturarum
1519 882 1787 946 examen?

412 1035 506 1093 XI.
540 1034 690 1095 Sicut
728 1035 908 1108 itaque
946 1033 1203 1110 stupenda
1237 1032 1584 1108 praesumptio
1605 1030 1710 1095 est,
1731 1034 1794 1093 &
1831 1032 1969 1092 mira

263 1108 464 1175 illufio,
509 1109 668 1183 siquis
726 1110 1023 1173 existimet,
1061 1109 1112 1166 se
1159 1109 1304 1185 poffe
1357 1112 1580 1184 proprio
1623 1108 1839 1180 ingenio
1873 1107 1966 1164 Sa·

260 1204 377 1244 cras
408 1186 704 1258 Scripturas
735 1182 872 1240 clare
919 1189 981 1244 &
1019 1186 1217 1261 absque
1257 1188 1452 1243 erroris
1540 1182 1741 1240 ericulo
1778 1180 1971 1239 intelli-

264 1279 396 1336 gere
416 1298 435 1324 ,
482 1259 716 1334 indeque
755 1257 904 1315 certo
950 1277 1078 1316 vera
1124 1260 1352 1317 revelata
1391 1259 1421 1316 fi
1456 1260 1503 1317 C
1545 1260 1670 1314 risto
1717 1256 1970 1332 dogmata

264 1337 348 1394 ab'
367 1336 471 1393 aliis
511 1331 647 1391 falsis
683 1333 989 1397 secernere,
1024 1350 1114 1392 aut
1145 1334 1269 1396 fibi,
1301 1351 1391 1391 aut
1426 1332 1971 1409 aliisquibuscunque

265 1413 485 1486 privatis
532 1409 601 1466 de
650 1408 841 1466 coelesti
877 1407 1055 1465 afflatu
1091 1407 1315 1484 Spiritfis
1347 1408 1520 1466 Sanc’ti
1576 1404 1859 1470 infallibili,
1906 1425 1970 1465 ac

260 1487 415 1545 *dono
447 1484 803 1557 intelligentiae
859 1483 1084 1541 blandiri
1125 1484 1280 1547 velit,
1321 1484 1472 1558 quod
1510 1482 1598 1540 vel
1628 1481 1871 1555 Apostoli
1910 1482 1970 1539 li·

265 1562 350 1620 cet
383 1558 676 1617 sanctificati
719 1558 921 1614 nonnisi
961 1561 1099 1633 post'
1129 1559 1570 1615 resurrectionem
1609 1555 1831 1618 Christi,
1871 1574 1970 1616 nec

265 1636 362 1695 nisi
396 1634 562 1711 gratia
594 1633 816 1691 omnino
845 1633 1091 1706 fingulari
1126 1633 1467 1706 habuerunt3
1502 1631 1577 1690 ‘ita
1609 1630 1972 1693 econtra‘nul-

267 1713 375 1770 lam
413 1711 566 1767 aliam
595 1708 1483 1772 breviorem,&aceommodatam
1515 1707 1684 1784 magis
1720 1708 1974 1765 omnibus

267 1785 582 1844 hominibus
618 1785 760 1839 viam
799 1783 1108 1848 admittere,
1140 1802 1232 1842 aut
1258 1787 1530 1859 inquirere
1566 1783 1862 1857 desperatio·
1887 1778 1974 1840 fo-

262 1879 353 1919 ret
386 1862 506 1919 Deo
538 1859 938 1916 elementiffimo
970 1861 1123 1934 aeque
1142 1897 1160 1922 ,
1198 1877 1258 1916 ac
1291 1859 1558 1932 justiffimo
1590 1857 1656 1915 ad
1696 1860 1973 1914 veritatem

270 1954 460 1993 omnes
491 1935 729 1997 vocanti,
755 1936 819 1993 &
839 1935 894 1989 in
917 1933 1205 1991 necessariis
1234 1951 1515 2006 nunquam
1535 1932 1798 1990 deficienti
1828 1931 1973 1988 sum-

271 2011 361 2069 me
384 2009 654 2084 injuriosa.
731 2006 792 2064 ld
820 2008 973 2137 guod
1012 2008 1063 2064 se
1092 2006 1386 2082 agnovisse,
1408 2008 1624 2063 testatur
1653 2009 1705 2063 S.
1739 2006 1970 2078 August.

273 2085 390 2143 Lib.
412 2085 471 2141 de
492 2085 637 2141 utilit.
658 2081 787 2140 cred.
861 2099 891 2137 e
931 2084 1163 2154 pristino,
1182 2083 1274 2138 suo
1294 2119 1309 2144 ‚
1337 2083 1391 2137 in
1431 2099 1544 2156 quo
1577 2081 1809 2142 errabat,
1840 2082 1972 2140 statu

269 2161 341 2219 ita
376 2159 623 2218 differens
660 2175 676 2217 :
750 2156 958 2230 „Saepe
990 2156 1122 2212 mihi
1156 2155 1462 2219 videbatur,
1500 2172 1607 2211 non
1649 2154 1793 2230 posse
1823 2156 1974 2213 inve-

271 2239 411 2303 „niri
443 2236 749 2296 veritatem,
769 2233 1055 2306 magnique
1085 2230 1280 2288 fluctus
1313 2232 1698 2305 cogitationum
1734 2248 1976 2288 mearum

271 2315 357 2377 „in
393 2308 841 2369 Academicorum
874 2306 982 2381 (de
1007 2307 1206 2381 quibus
1241 2305 1398 2380 supra
1437 2305 1648 2364 dicium
1682 2303 1829 2378 fuit)
1863 2303 1976 2364 suf-

271 2385 546 2460 „fragium
585 2380 909 2440 ferebantur.
1038 2381 1190 2456 Saepe
1223 2380 1402 2438 rursus
1438 2384 1674 2444 intuens,
1709 2397 1974 2455 quantum

274 2477 556 2536 „poteram
576 2499 591 2521 ,
624 2474 859 2515 mentem
892 2456 1178 2514 humanam
1221 2472 1328 2513 tam
1368 2458 1643 2519 vivacem,
1680 2473 1786 2514 tarn
1837 2458 1976 2531 saga-

264 2553 462 2611 '‚,cem,
490 2550 600 2596 tam
631 2532 1005 2610 perspicacem,
1038 2550 1147 2608 npn
1180 2531 1435 2608 putabam
1470 2530 1638 2591 latere
1676 2534 1969 2661 veritassm,

1753 2620 1845 2671 ..m
1868 2622 1907 2674 ιι
