2144 2852
732 181 1338 262 *eamcam*
1782 192 1890 266 187.

256 315 499 391 epagati,
529 330 779 372 errorum
813 329 992 372 autem
1019 313 1134 372 finis
1167 315 1268 372 effe
1300 313 1589 387 debuiffet3
1628 314 1723 371 nisi
1752 316 1892 374 Seri-

185 332 266 449 ge
297 395 359 452 &
391 389 629 460 Pharisaei
652 389 950 464 paffionum
983 390 1193 447 suarum
1229 390 1401 448 studio
1437 392 1492 446 in
1537 391 1891 454 transversum

186 465 285 524 asti
322 483 432 522 non
470 482 580 522 tam
624 467 837 523 rationis
879 465 1038 522 κᾶε
1079 464 1360 523 (Ιίἃεῐῃίηε
1381 502 1400 529 ,
1449 482 1540 522 aut
1594 466 1891 524 dofftrinam

184 541 214 598 8
241 541 359 598 Deo
394 540 638 598 traditam
671 545 733 601 &
767 539 795 596 a
829 540 1118 615 majoribus
1153 558 1422 615 acceptam
1442 578 1461 604 ,
1509 539 1673 616 quam
1713 543 1892 616 inepta

183 618 389 690 proprii
422 617 617 689 ingenii
652 632 984 678 commenta,
1005 613 1152 673 falsas
1174 615 1288 673 suas
1314 616 1648 678 traditiones,
1675 615 1892 675 sinistras

181 690 423 764 ejusdem
447 691 612 764 Legis
631 692 1123 765 interpretationes,
1144 709 1206 751 ac
1232 690 1562 750 detorfiones
1582 691 1891 751 hominibus

179 767 468 842 propinare
500 764 810 825 maluissent.

339 915 506 972 XIV.
583 913 826 972 Christus
861 914 1024 988 igitur
1050 930 1162 973 non
1195 912 1404 974 tantum
1435 914 1672 978 Dofiior,
1711 914 1798 973 sed
1830 919 1893 978 δι’

184 990 484 1066 Legislator
512 989 542 1047 a
563 989 717 1047 Patre
749 989 846 1046 suo
876 1004 1075 1048 aeterno
1115 990 1263 1050 hunc
1293 994 1350 1048 in
1386 991 1667 1049 mundum*
1697 990 1894 1055 miflus,

185 1065 420 1140 dispulsa
453 1063 745 1122 denfiffima
780 1064 899 1127 illa,
947 1082 1069 1140 quae
1107 1067 1226 1124 orbi
1261 1066 1511 1125 universo
1543 1066 1894 1130 incubuerat,

185 1141 432 1216 caligine,
462 1139 600 1214 Legi
637 1139 764 1209 huic
792 1139 980 1198 morali
1014 1141 1298 1215 pristinum
1333 1141 1490 1198 suum
1523 1141 1895 1216 splendorem,

184 1218 539 1290 integritatem
557 1252 578 1279 ,
623 1233 685 1272 ac
715 1217 1003 1290 puritatem
1051 1216 1287 1275 reddidit
1318 1235 1335 1293 3
1372 1219 1698 1292 impietatem
1733 1216 1895 1281 vero,

183 1291 605 1365 superstitionem
639 1294 702 1351 δε
740 1307 981 1348 errorem
1016 1291 1312 1367 proscripsit
1344 1296 1587 1367 penitus,
1623 1310 1683 1350 ac
1713 1290 1895 1367 profli-

184 1368 343 1440 gavit.
421 1367 608 1437 Atque
640 1383 708 1422 eo
741 1363 847 1428 fine
882 1363 1026 1442 nulla
1054 1383 1320 1442 praecepta
1343 1385 1483 1424 nova
1504 1369 1720 1425 moralia
1748 1366 1894 1425 addi-

185 1443 290 1506 dit,
323 1441 412 1498 sed
444 1437 864 1514 veteratanthm
892 1459 991 1515 per
1026 1441 1263 1515 Moysen
1302 1442 1640 1516 promulgata
1670 1443 1895 1516 explica-

184 1518 295 1578 vit,
326 1513 773 1588 confirmavitque
803 1516 932 1572 teste
966 1516 1229 1589 Apostolo
1261 1517 1474 1590 Joanne
1509 1516 1749 1588 ejusdem
1787 1516 1893 1574 Le-

186 1591 267 1664 gis
305 1588 499 1645 Christi
535 1588 787 1644 Praecone
819 1588 967 1663 geist.
992 1605 1012 1645 1
1048 1603 1152 1662 cap.
1171 1606 1224 1648 2.
1247 1609 1305 1646 v.
1326 1604 1380 1660 7.
1455 1592 1583 1646 Non
1613 1590 1896 1648 mandatum

187 1682 372 1729 novum
392 1660 554 1732 scribo
582 1661 752 1724 vobis,
773 1661 870 1732 sed
897 1661 1180 1732 mandatum
1200 1677 1350 1720 vetus
1369 1700 1386 1726 ,
1421 1663 1553 1738 quod
1578 1663 1806 1733 habutstis
1833 1666 1896 1723 ab

184 1741 336 1796 initio·
411 1736 720 1792 Mandatum
754 1749 904 1793 vetus
928 1735 990 1805 cst
1016 1735 1228 1793 verbum
1241 1773 1257 1800 ,
1273 1737 1405 1811 quod
1429 1733 1643 1809 audzssis.
1713 1742 1896 1815 Qam

186 1815 263 1872 ob
296 1811 500 1871 caulam
523 1811 818 1869 Waltonius
838 1809 1165 1869 dofflffimus
1188 1814 1397 1887 Anglus
1419 1814 1594 1871 editor
1627 1815 1896 1889 Polyglot-

188 1906 368 1948 torum
399 1886 694 1944 Bibliorum
730 1889 784 1942 in
820 1884 1126 1961 praefatione
1159 1888 1424 1962 agnoscit,
1447 1888 1708 1964 dicitque,
1739 1908 1897 1948 aurea

187 1964 291 2023 effe
325 1981 386 2020 ac
414 1961 675 2019 veriffima
712 1963 876 2018 verba
909 1961 1172 2020 Pontificis
1208 1964 1430 2020 Maximi
1464 1964 1716 2037 Gregorii
1756 1965 1896 2025 XIII.

188 2042 246 2105 in
279 2039 474 2097 Literis
509 2035 826 2112 Apost‹›licis
860 2036 926 2094 ad
965 2038 1165 2111 Regem
1201 2038 1540 2095 Catholicum
1574 2039 1738 2103 datis,
1774 2059 1897 2114 quae

190 2115 368 2173 Bibliis
393 2115 567 2188 Regiis
596 2111 717 2173 sunt
751 2111 978 2187 praefixae
1000 2130 1018 2171 t
1042 2114 1274 2187 'Nempe
1297 2131 1310 2171 ε
1337 2115 1773 2186 „Scripturarum
1800 2117 1897 2172 Be-

191 2188 479 2254 ,2neficium
512 2204 870 2262 permagnum
895 2188 1010 2244 esle.
1085 2189 1231 2245 Nam
1265 2189 1413 2261 quod
1443 2188 1508 2245 ad
1531 2187 1896 2264 Theologiam

193 2265 441 2327 „attinet,
472 2279 598 2336 quae
648 2263 723 2316 est
760 2263 980 2319 Summa
1013 2261 1380 2338 Philosophia,
1420 2264 1500 2319 his
1534 2263 1679 2321 libris
1718 2268 1897 2324 omnia

196 2339 417 2403 „nostrae
451 2335 732 2407 Religionis
783 2341 842 2397 δε
900 2337 1194 2395 Divinitatis
1247 2340 1492 2413 mysteria
1535 2339 1896 2412 explicantur:

197 2410 387 2487 „quod
422 2410 554 2467 vero
592 2411 657 2466 ad
694 2429 810 2468 eam
842 2429 1045 2486 partem
1082 2419 1302 2477 attinet,
1340 2432 1462 2486 quae
1494 2417 1690 2470 moralis
1722 2419 1897 2472 nomi-

196 2503 412 2553 ,‚natur,
445 2487 572 2543 hinc
603 2502 825 2561 quoque
859 2490 1062 2620 οῐηηίτλ
1075 2488 1141 2544 ad
1173 2506 1359 2566 omnes
1379 2492 1602 2547 virtutes
1629 2507 1895 2566 praecepta

1081 2581 1108 2619 a
1146 2582 1184 2622 2
1674 2566 1820 2630 „col-
