2144 2852
766 206 1380 296 *enimcum
1853 212 1947 295 85ss

223 338 449 414 „omnes
493 343 922 424 profitebantur,
961 346 990 406 a
1023 347 1223 423 Spiritu
1245 346 1456 408 Sanfi’co
1491 349 1630 409 hanc
1661 353 1932 426 prompti-

218 425 503 490 „tudinem
523 459 540 488 ,
580 424 767 500 suique
808 425 1132 483 oblationem
1180 424 1480 500 profestam
1515 427 1632 484 effe.
1672 463 1711 490 η
1785 426 1931 487 Alias

217 500 508 559 necessariae
565 501 828 575 ejusmodi
885 499 1299 566 diffimulationis
1336 507 1399 563 &
1435 500 1580 577 fugae
1611 505 1837 560 rationes
1871 503 1931 561 in

215 575 472 634 charitate
523 574 764 634 fundatas
812 576 959 634 addit
1008 577 1061 632 S.
1095 575 1280 634 Petrus
1330 578 1593 651 chrysolog.
1639 581 1793 636 Serm.
1833 597 1930 637 [st.

217 652 484 727 „Mai-tyr
516 652 934 727 comprehensus
981 650 1142 708 debet
1189 669 1372 710 tenere
1418 655 1784 716 constantiam,
1820 670 1931 713 non

216 728 675 802 „comprehensus
711 728 881 785 debet·
910 724 1102 800 fugere
1141 728 1580 804 persequentem,
1617 747 1678 786 ut
1712 733 1774 789 &
1809 747 1931 803 per..

214 805 473 868 „secutori
513 804 784 878 indulgeat
821 802 1152 877 resipiscendi
1191 820 1434 877 tempus,
1472 807 1534 865 &
1582 803 1675 861 fibi
1711 819 1930 878 tempus

214 895 364 944 „non
401 876 602 937 auferat
641 879 987 953 supplicandi.
1102 878 1502 937 Pet-secutorem
1529 917 1549 939 2
1588 881 1683 954 qui
1724 896 1932 953 provo-

212 970 363 1019 ‚,cat‚
403 952 559 1026 facit3
599 957 843 1029 corrigit,
877 957 972 1031 qui
1010 952 1252 1012 declinat.
1325 954 1608 1012 Orandum
1646 954 1748 1016 est,
1787 952 1930 1029 fugi·

213 1030 451 1094 „endum
492 1032 568 1087 est
593 1068 612 1093 ‚
650 1048 712 1087 ut
751 1031 871 1092 ille,
906 1032 999 1105 qui
1041 1046 1138 1102 per
1188 1031 1540 1103 ignorantiam
1589 1027 1749 1091 furit,
1784 1030 1931 1086 sane-

209 1121 371 1178 „tur3
412 1110 474 1167 δι
509 1105 622 1168 ille,
658 1110 751 1180 qui
794 1108 1020 1180 patitur,
1054 1103 1124 1161 de
1163 1107 1408 1178 patientia
1442 1105 1678 1181 palmam
1710 1104 1931 1171 habeat.

209 1197 323 1240 non
361 1181 543 1240 subeat
565 1182 646 1240 de
678 1184 968 1239 temeritate
1006 1178 1357 1246 discrimem„
1922 1219 1924 1221 -

356 1329 550 1390 XVIII.
589 1332 824 1390 Pastores
854 1349 1076 1408 quoque
1101 1332 1300 1391 debent
1330 1329 1552 1409 quidem
1579 1329 1789 1407 populo
1807 1369 1826 1395 ‚
1844 1327 1927 1390 uti

207 1419 529 1467 eoeterarum
559 1411 860 1469 «virtutum,
894 1408 964 1466 ita
1003 1414 1065 1471 &
1105 1408 1331 1467 maxime
1366 1407 1672 1466 Christianae
1710 1405 1927 1465 fortitu·

205 1483 344 1541 dinis
380 1484 692 1556 exemplum
737 1485 977 1557 praebere
1026 1487 1249 1542 instante
1289 1483 1667 1559 persecutionis
1710 1497 1924 1555 tempo·-

207 1575 308 1625 re3
345 1557 691 1615 nihilominus
730 1558 942 1632 possunt
983 1565 1044 1621 δε
1080 1559 1173 1633 ipsi
1210 1576 1338 1616 cum
1376 1555 1576 1614 Safficis
1607 1555 1925 1619 Athanafio‚

203 1634 482 1706 Cypriano
506 1669 525 1695 ‚
579 1633 739 1691 Blasio
778 1639 840 1694 &
878 1635 985 1690 aliis
1028 1652 1137 1690 non
1173 1630 1380 1690 tantum
1422 1630 1474 1686 se
1506 1629 1800 1693 occultare,
1831 1629 1924 1689 sed

210 1717 398 1770 etiam,
430 1707 640 1764 deserto
686 1725 853 1783 grege
881 1745 901 1771 ‚
948 1707 1174 1782 fugere,
1220 1705 1410 1782 seipsos
1444 1704 1704 1762 servando
1737 1705 1924 1763 Eccle-

207 1783 321 1846 fiae,
358 1781 486 1841 cum
535 1784 755 1842 eosdem
797 1784 1087 1857 specialiter
1127 1785 1334 1857 impetit
1372 1779 1712 1855 persecuti03
1751 1780 1921 1839 modo

205 1874 387 1918 tamen
422 1858 680 1932 supersint
727 1858 807 1916 alii
857 1859 1080 1915 Ministri
1104 1897 1122 1922 ‚
1161 1859 1255 1934 qui
1295 1859 1471 1933 gregis
1513 1855 1658 1912 saluti
1697 1872 1794 1930 per
1827 1856 1922 1914 Di·

204 1937 317 1992 vini
360 1935 510 1991 verbi
542 1933 1073 2008 praedicationem,&
1096 1935 1559 2008 Sacramentorum
1594 1930 1920 1990 administra-

204 2013 411 2068 tionem
452 2009 727 2067 consulere
756 2009 966 2084 poffint.
1108 2012 1345 2083 uicunque
1374 2008 1484 2080 (ait
1511 2006 1562 2063 S.
1586 2007 1922 2080 Augustinus

203 2084 352 2159 Epist.
375 2103 471 2144 180.
506 2086 572 2142 ad
609 2083 1004 2159 Honoratum)
1038 2089 1057 2141 i
1094 2105 1120 2140 o
1154 2085 1288 2142 modo
1346 2083 1486 2155 ugit,
1509 2094 1565 2137 ut
1594 2080 1811 2152 Ecclefiae
1831 2100 1921 2139 ne·-

204 2161 451 2232 ccffzrium
486 2159 850 2229 Ministerium,
884 2159 989 2219 fine
1023 2179 1137 2237 quo
1175 2159 1362 2218 scilicet
1395 2172 1588 2231 greges
1618 2158 1799 2212 vivere
1827 2174 1919 2214 ne-

206 2250 420 2311 queunt
438 2268 455 2295 ,
492 2254 586 2290 non
626 2235 774 2305 defit,
798 2237 962 2309 jacit,
991 2237 1124 2312 quod
1151 2236 1370 2292 dominus
1394 2232 1648 2306 praecepit‚
1659 2229 1776 2300 five
1800 2246 1918 2304 per.

206 2308 352 2376 mifit.
458 2309 615 2365 Tum
653 2312 797 2366 enim
834 2327 933 2370 nec
970 2312 1046 2370 sui
1086 2310 1279 2372 officii,
1316 2326 1414 2366 nec
1453 2306 1735 2380 Religionis
1772 2324 1915 2366 verae

210 2385 355 2458 leges
387 2379 687 2458 infringunt
712 2422 728 2447 ,
775 2402 873 2443 nec
904 2389 1355 2445 mercenariorum
1391 2382 1564 2440 labem
1605 2383 1914 2447 incurrunt,

213 2465 278 2522 &
309 2455 435 2515 cum
476 2459 684 2533 populo
720 2460 981 2519 neceffiirii
1021 2462 1119 2519 sint
1153 2461 1219 2518 ad
1259 2477 1398 2516 verae
1435 2457 1712 2530 Religionis
1750 2460 1920 2516 incre-

208 2550 457 2598 mentum
475 2570 497 2600 2
539 2539 602 2597 ὃς
623 2533 758 2596 ρίὶἀιτί
793 2540 1266 2675 Ρτοροςεὶἷοηεως
1297 2535 1419 2613 plus
1457 2532 1586 2592 boni
1621 2548 1914 2668 exfeorum

289 2638 329 2652 ‘¹‘
1129 2628 1161 2686 3
1719 2624 1839 2685 uga,
