2144 2852
784 200 1396 282 ‹meu-§omasus
1907 220 1951 280 7

236 332 339 390 bus
357 332 548 390 'Deum
587 336 648 395 δε
683 332 1010 409 Religionem
1051 335 1494 393 concernentibus
1532 335 1813 398 varietate,
1845 351 1949 411 po-

229 410 339 465 tuit
375 406 525 466 facile
560 410 707 466 Deus
736 410 885 469 hunc
916 409 1087 468 cultfis
1115 411 1190 468 sui
1220 412 1450 471 modum
1473 414 1535 471 ὃς
1563 413 1726 467 ritum
1752 410 1843 468 soli
1866 429 1948 469 ra-

236 486 365 541 tioni
405 485 654 542 humanae
704 486 1040 562 relinquere,
1069 504 1138 544 ne
1168 505 1336 562 vagus
1370 485 1636 560 ejusmodi
1669 492 1730 547 δε
1766 487 1948 562 quod-

233 559 474 618 libeticus
504 562 677 618 cultus
716 564 770 619 in
805 580 968 618 omne
1019 579 1192 636 genus
1224 563 1604 636 superstitionis
1638 562 1756 618 Deo
1807 562 1948 619 indi-

235 653 383 710 gnae,
411 655 470 692 ac
498 639 552 692 in
586 655 774 693 vanam
813 635 1205 712 fanaticamque
1239 640 1444 696 rituum
1476 636 1740 694 inutilium
1777 655 1836 694 ac
1859 637 1946 694 sae-

235 712 307 785 pe
344 714 587 785 turpium
619 711 1000 770 observantiam
1033 712 1406 787 degeneraret,
1437 729 1573 787 quos
1600 715 1733 769 ratio
1757 712 1945 770 huma·

236 804 303 843 na
328 785 568 848 infirma,
597 793 657 847 &
682 786 952 844 obscurata
991 806 1088 861 per
1114 805 1395 862 peccatum
1421 792 1482 848 &
1505 805 1698 861 pravos
1727 786 1946 846 affectus

235 861 568 918 adinveniret
588 899 608 925 ‚
641 862 752 919 imo
789 867 852 923 &
887 863 1190 936 adinvenit3
1227 861 1355 920 cum
1388 864 1479 918 vix
1508 864 1793 936 excogitari
1823 863 1945 936 posi-

234 937 298 993 fit
328 936 575 994 delirium
612 938 811 1001 ullum,
841 938 992 1014 quod
1030 938 1268 1012 populus
1295 938 1482 1013 aliquis
1511 954 1620 993 non
1651 937 1944 1012 adoptarit,

222 1029 396 1088 ‘atque
421 1015 476 1069 in
501 1012 645 1070 suam
672 1015 999 1088 Religionem
1025 1015 1312 1076 invexerit,
1336 1012 1471 1084 quid
1493 1012 1516 1069 ζ
1540 1012 1692 1087 quod
1718 1030 1828 1069 non
1851 1031 1945 1070 ru·-

222 1088 316 1145 .dis
348 1085 554 1144 tantum
593 1089 856 1163 populus,
891 1089 980 1145 sed
1012 1093 1073 1150 &
1109 1087 1460 1161 sapientiffimi
1498 1103 1660 1162 atque
1693 1090 1944 1146 omnium

231 1163 625 1237 disciplinarum
661 1165 950 1238 peritissimi
988 1162 1331 1238 Philosophi,
1374 1180 1616 1238 quorum
1643 1163 1841 1220 Divina
1863 1166 1945 1220 in-

231 1241 387 1314 genia
420 1243 482 1299 &
537 1240 866 1298 scientiarum
908 1256 1361 1316 quarumcunque
1409 1253 1725 1313 apparatum
1765 1239 1944 1296 invida

231 1316 593 1373 demirabatur
630 1317 903 1390 posteritas
930 1353 950 1379 ,
1000 1320 1062 1377 &
1094 1317 1270 1375 nostra
1308 1313 1606 1371 hodiedum
1637 1314 1943 1378 aemulatur‚

221 1393 324 1450 vix
357 1389 642 1465 affequitur
680 1409 830 1455 aetas,
864 1394 918 1448 in
952 1407 1032 1449 tot
1059 1390 1309 1449 absurdas
1337 1394 1398 1450 &
1427 1391 1615 1464 impias
1644 1391 1943 1463 opiniones,

230 1483 392 1544 atque
422 1483 487 1523 ex
511 1465 592 1525 his
624 1469 676 1524 in
710 1469 978 1526 teterrima
1007 1466 1201 1526 scelera
1235 1463 1574 1542 miseriasque
1607 1464 1864 1523 devoluti.

360 1615 534 1674 VIII.
591 1618 739 1675 Huic
768 1620 934 1693 igitur
964 1617 1254 1675 infirmitati
1278 1631 1340 1674 ut
1367 1614 1791 1677 succurreretur,
1811 1621 1941 1689 prm

229 1689 369 1748 vidae
427 1689 662 1764 supremi
700 1694 958 1749 Numinis
1008 1692 1270 1765 sapientiae
1326 1692 1621 1748 oeconomia
1667 1691 1938 1764 exigebat3

225 1781 331 1823 nec
379 1765 678 1838 prudenter
703 1766 891 1840 egiflet
935 1765 1198 1841 providus
1231 1765 1318 1823 ille
1355 1765 1549 1823 Ress‘cor
1595 1763 1861 1829 universi,
1895 1765 1938 1821 fi

230 1841 338 1897 hoc
385 1843 664 1914 negotium
701 1845 948 1898 omnium
984 1843 1324 1915 negotiorum
1374 1840 1646 1915 summum
1693 1838 1935 1898 humano

229 1917 444 1989 ingenio
464 1933 585 1991 tam
631 1917 878 1974 imbecilli
915 1916 1215 1993 reliquiffet.
1323 1916 1485 1974 Certe
1521 1933 1684 1973 nemo
1724 1916 1935 1992 Regum

208 1991 535 2065 ,mortalium
575 1991 708 2049 adeo
741 1993 1028 2067 Maiestatis
1057 1991 1193 2054 suae,
1223 1994 1569 2066 negotiorum
1598 1988 1783 2053 statfis,
1814 1991 1936 2064 glo-

226 2069 349 2130 riae,
376 2084 438 2124 ac
469 2065 690 2124 honoris
722 2067 814 2125 fibi
845 2069 876 2125 fi
907 2067 1126 2125 subditis
1147 2065 1312 2124 debiti
1340 2069 1574 2124 incurius
1597 2065 1749 2123 facile
1778 2083 1934 2140 repe-

224 2145 424 2204 rietur,
449 2147 544 2216 qui
574 2143 796 2200 militem
828 2146 1190 2219 aerariumque
1213 2141 1369 2200 suum
1398 2146 1460 2203 δε
1489 2140 1811 2215 obsequium
1836 2140 1931 2197 sibi

225 2216 257 2273 Ξ
288 2217 506 2274 subditis
534 2219 889 2291 praestandum
918 2219 1086 2276 libero
1127 2218 1464 2293 singulorum
1495 2217 1712 2272 arbitrio
1737 2219 1799 2275 &
1829 2218 1933 2272 cri-

226 2294 348 2349 tirio
383 2292 682 2367 relinquat,
712 2298 775 2354 &
808 2295 878 2352 ab
907 2312 1103 2352 eorum
1138 2295 1414 2351 voluntate
1446 2310 1505 2349 ac
1539 2290 1852 2347 discretione
1874 2293 1929 2347 in

220 2366 540 2440 recipiendis
576 2367 784 2441 juribus
839 2369 940 2427 suis
992 2368 1297 2427 honorificis
1332 2366 1568 2441 pendere
1602 2365 1729 2422 velit
1767 2382 1783 2438 3
1860 2365 1928 2422 Et

221 2443 504 2520 quomodo
538 2441 762 2500 demum
786 2443 858 2501 de
891 2444 1094 2502 infinita
1127 2445 1228 2501 Dei
1261 2444 1505 2516 sapientia
1538 2443 1754 2515 cogitari
1794 2439 1926 2499 illud

221 2519 458 2650 1pottgerit,
489 2517 642 2604 quod
678 2536 778 2577 nec
807 2519 878 2578 de
906 2519 1127 2579 homine
1158 2517 1366 2578 mortali
1398 2517 1577 2575 dicere
1608 2518 1735 2648 qq}
1760 2515 1925 2649 affide-

253 2611 282 2649 e
320 2637 337 2654 .
1740 2632 1753 2650 ·
1828 2624 1855 2637 -
