2144 2852
227 246 308 311 94
779 215 1391 305 ᾅᾱὲβμωὲωὲφ

230 362 322 420 tati
364 362 426 419 &
460 371 607 414 vanae
637 354 854 431 gloriae,
889 371 980 414 aut
1013 356 1418 433 cupidi-tatibus,
1441 354 1608 433 quam
1631 357 1840 415 veritati
1866 358 1948 417 in-

231 435 475 509 dulgeri,
510 431 795 507 impensius
831 435 992 490 coetui
1035 433 1131 490 suo
1172 433 1413 497 tuendo,
1463 431 1630 507 quam
1677 431 1950 507 affequeu-

232 513 316 570 dae
352 508 548 566 Christi
585 507 846 565 dostrinae
876 508 1073 565 studeri
1103 508 1259 572 solet,
1282 506 1551 598 aqpotius
1585 509 1638 564 in
1678 506 1949 583 Scriptura

234 600 619 663 praeconceptae
652 583 756 657 jam
805 587 1084 659 opiniones
1131 587 1388 650 inveniri,
1429 581 1594 660 quam
1628 583 1700 640 illi
1736 601 1950 643 accom-

236 661 477 724 modari,
498 676 588 717 aut
618 658 800 734 subjici
837 660 1042 718 volunt.

364 810 506 869 VIII.
546 805 824 867 Coeterum
852 807 890 867 fi
925 807 1040 868 haec
1070 810 1250 867 omnia
1283 808 1349 866 eo
1374 806 1579 867 tantum
1604 806 1841 885 speetare
1866 810 1951 869 vi-

238 888 494 950 deantur,
529 902 590 944 ut
622 885 923 944 debitarum
965 887 1126 943 anImi
1167 884 1566 961 dispositionum
1601 904 1728 943 cum
1758 885 1952 945 humili

238 965 478 1023 oratione
512 960 951 1037 conjunctarum,
988 962 1316 1038 quibuscum
1354 962 1523 1018 Sacrae
1560 963 1847 1035 Scripturae
1878 963 1954 1021 le-

239 1038 432 1116 gendae
466 1043 528 1099 &
576 1037 967 1112 perscrutandae
1018 1036 1147 1100 sint,
1179 1036 1531 1094 neceffitatem
1569 1036 1950 1112 persuadeant3

242 1117 366 1191 quis
406 1129 648 1187 unquam
686 1128 863 1169 certus
915 1110 1016 1168 esse
1051 1115 1248 1186 poterit
1275 1149 1292 1175 ,
1342 1114 1428 1168 vel
1485 1114 1535 1168 se
1557 1152 1573 1175 ,
1632 1111 1717 1167 vel
1754 1112 1952 1176 alium,

241 1190 396 1265 cujus
430 1191 483 1244 in
518 1203 663 1244 tanto
699 1187 872 1244 [alutis
910 1191 1128 1261 negotio
1167 1187 1397 1245 ductum
1435 1186 1698 1263 sequitur,
1728 1187 1788 1244 iis
1821 1205 1952 1246 cum

242 1260 786 1338 dispositionibusad
842 1262 1119 1319 Sacrarum
1160 1262 1466 1320 Literarum
1516 1263 1749 1320 studium
1783 1262 1954 1320 acces-

236 1340 381 1402 fiffe,
414 1355 476 1395 ut
512 1339 711 1411 Spiritu
742 1338 842 1394 Dei
875 1337 1057 1394 doceri
1089 1343 1150 1399 &
1181 1340 1362 1395 instrui
1390 1342 1712 1413 promeritus
1741 1335 1952 1396 fuerit?

242 1414 314 1472 Et
338 1412 459 1470 licet
493 1413 639 1469 Deus
674 1428 911 1469 mentem
945 1430 1167 1488 quoque
1191 1415 1527 1487 privatorum
1562 1413 1846 1476 illustrare,
1871 1413 1955 1470 iis-

245 1507 357 1565 que
385 1505 568 1544 arcana
601 1488 689 1544 sua
725 1488 959 1545 revelare
993 1489 1186 1562 poffit3
1227 1504 1507 1562 nunquam
1542 1499 1718 1544 tamen
1747 1505 1813 1543 ex
1843 1491 1954 1562 pri-

243 1577 372 1621 vato
407 1563 498 1620 illo
532 1564 758 1636 Spiritus
790 1563 1040 1620 instinctu
1066 1563 1141 1620 >ad
1174 1563 1414 1620 Ecclesiae
1446 1561 1844 1619 aedificationem
1866 1581 1957 1621 co-

245 1637 428 1716 gnosci
460 1638 690 1713 poterit,
716 1655 971 1713 quaenam
1007 1637 1103 1695 sint
1137 1639 1387 1712 dogmata
1421 1639 1506 1695 illa
1538 1639 1791 1695 divinitus
1825 1641 1879 1695 in
1902 1640 1957 1697 S.

247 1712 523 1790 Scriptura
555 1711 783 1770 revelata
814 1710 995 1786 ;.c1⁸1m
1026 1716 1169 1771 enim
1201 1732 1308 1771 tam
1345 1717 1550 1778 varius,
1581 1713 1863 1787 multiplex
1893 1719 1957 1776 &

247 1791 558 1849 contrarius.
579 1788 611 1845 ἃ
642 1787 863 1845 diversis
895 1790 1121 1862 Spiritus
1162 1790 1247 1846 ille
1294 1788 1542 1864 jactetur,
1589 1806 1830 1864 quorum
1866 1807 1958 1853 ne-

249 1884 345 1922 mo
379 1880 469 1921 aut
514 1862 845 1919 scientiarum
898 1864 1161 1928 subsidiis,
1209 1884 1299 1921 aut
1339 1866 1512 1921 debita
1545 1867 1703 1920 animi
1741 1864 1958 1939 dispofi-

250 1944 427 2003 tione,
457 1936 742 1999 industria,
778 1937 1107 2003 humilitate,
1140 1940 1327 1997 orandi
1371 1941 1574 2002 studio,
1609 1937 1845 2012 perfefiffi
1882 1943 1959 1995 in·-

253 2011 552 2072 differentia
572 2012 694 2069 valiis
721 2012 912 2068 cedere
952 2014 1215 2077 voluerit,
1247 2031 1524 2088 nunquam
1555 2014 1736 2070 alienae
1764 2017 1958 2072 mentis

253 2088 520 2147 certitudo
554 2106 620 2144 ex
661 2086 870 2145 occulto
916 2086 1021 2144 hoc
1055 2089 1302 2145 instinstu
1351 2089 1687 2162 obsignatur,
1735 2106 1798 2145 ut
1832 2087 1959 2148 huic

256 2163 462 2239 potius,
479 2162 643 2239 quam
665 2162 737 2220 illi
766 2161 1096 2220 credendum
1121 2164 1312 2220 ducam
1331 2201 1346 2224 ‚
1366 2167 1459 2237 qui
1482 2162 1875 2222 Enthufiasmos
1897 2170 1960 2228 &t

256 2238 531 2297 instinEIus
563 2238 684 2296 suos
713 2238 843 2294 mihi
879 2237 1191 2295 obtrudunt.
1285 2239 1344 2294 In
1378 2255 1517 2295 tanta
1550 2256 1731 2295 rerum
1775 2241 1959 2297 oecul-

258 2316 572 2371 tiffimarum
617 2312 989 2371 incertitudine
1036 2315 1156 2387 quis
1190 2331 1431 2389 unquam
1485 2316 1570 2371 vel
1621 2314 1958 2375 eruditorum

258 2389 614 2448 firmiffimum
652 2389 777 2449 fidei
809 2387 1057 2448 affensnm
1089 2386 1318 2447 fundare
1360 2390 1600 2466 poterit?

1793 2614 1887 2672 1x.
1936 2594 1937 2597 ‘
