2144 2852
731 81 1234 181 CAPUT
1349 87 1413 178 Ι.
1512 87 1516 90 ’

212 206 568 310 Generalis
594 205 888 277 idearum
917 205 1189 277 humani
1226 203 1588 277 intellefflis
1615 205 1783 279 circa
1808 207 1931 279 Re-

229 323 258 340 ‘>
351 303 671 395 Hgionem
707 321 1160 392 quamcunque
1203 301 1464 372 libertas
1501 323 1645 371 non
1678 303 1884 374 datun

708 488 714 491 ,Α
743 405 1180 498 CAPUT
1298 408 1404 498 ΙΙ.

213 528 362 624 Via
397 524 824 596 dubitationis
875 524 957 592 ab
1005 526 1416 617 inquisitione
1446 546 1616 596 verae
1651 525 1939 620 Religio-

210 629 219 636 ”
263 652 266 655 ·
354 621 455 691 nis
493 617 675 689 haud
710 616 966 707 prorsus
1011 618 1218 690 aliena
1253 618 1551 690 asserium
1602 631 1610 635 ⁴
1919 627 1941 634 ’“

707 724 1165 816 CAPUT
1284 727 1442 815 III.

213 840 508 940 Religio
544 863 702 912 vera
734 863 875 910 non
912 864 997 910 ex
1046 844 1409 913 rationibus
1441 842 1793 913 intrinsecis
1831 844 1941 913 de-

357 936 702 1004 monstrari
718 953 745 1015 ·,
782 934 892 1003 sed
938 957 1023 1004 ex
1071 938 1340 1005 motivis
1392 936 1758 1005 extrinsecis
1810 939 1942 1006 evi-

218 1029 526 1124 dentibus
549 1077 568 1109 ,
596 1026 820 1120 ‚vulgo
858 1031 1126 1102 motivis
1175 1029 1612 1099 credibilitatis
1625 1078 1649 1112 ,
1688 1030 1944 1100 ostendi

219 1123 467 1215 potest,
514 1123 582 1192 &
619 1121 839 1191 debet.

686 1230 1171 1323 CAPUT
1290 1229 1473 1327 IV.

221 1346 517 1446 Religio
555 1347 916 1422 Christiana
963 1372 1049 1419 ex
1087 1351 1503 1420 evidentibus
1545 1352 1945 1441 argumentis

320 1458 323 1461 *
365 1447 434 1517 &
469 1444 659 1536 figuis
698 1445 1138 1514 credibilitatis
1172 1442 1315 1514 fitis
1357 1445 1857 1514 demonstratur.

749 1551 1224 1643 CAPUT
1344 1551 1446 1639 V.

225 1659 397 1761 Nec
444 1669 704 1759 Religio
754 1667 1118 1737 Christiana
1156 1669 1225 1734 in
1261 1684 1442 1734 tanta
1471 1663 1804 1735 Sestmm
1853 1668 1948 1736 in-

369 1776 471 1827 ter
494 1758 898 1830 Christianos
940 1759 1302 1851 diversitate
1327 1759 1507 1829 ideas
1537 1760 1693 1829 fidei
1718 1761 1950 1832 liberas

230 1852 531 1922 admittit.

725 1945 803 2033 C
828 1948 913 2038 A
941 1947 1005 2035 P
1032 1945 1106 2034 U
1127 1941 1209 2032 T
1328 1943 1407 2031 V
1421 1945 1480 2033 Ι.

232 2057 638 2160 Concordia
664 2081 945 2133 externae
982 2060 1398 2153 professionis
1446 2066 1512 2134 &
1551 2059 1759 2130 cultfis
1801 2085 1954 2131 cum

374 2157 642 2225 internis
705 2158 789 2226 de
853 2159 1047 2226 unica
1093 2177 1249 2226 vera
1309 2156 1657 2246 Religione
1722 2177 1955 2224 conce-

235 2248 363 2336 ptis
400 2251 563 2319 ideis
600 2250 938 2321 necessaria
982 2250 1360 2319 ostenditur.

713 2356 1188 2449 CAPUT
1302 2353 1492 2443 VII.

236 2466 585 2582 Perspesta
613 2491 817 2562 Sacrae
851 2493 1189 2657 Script)u(rae
1216 2487 1633 2569 obscuritate,
1658 2482 1962 2636 ὴὲἔὲἓ-ηες
