2144 2852
249 196 366 254 220
813 177 994 260 &³ssss
1028 181 1063 270 v)
1098 199 1138 254 .0
1169 180 1202 259 (
1245 178 1421 273 ⁶5th

256 309 423 369 clesiae
457 307 560 368 effe
596 308 824 376 debere,
868 311 1026 388 aeque
1062 309 1219 370 facile
1247 315 1554 384 evincitur:
1587 315 1973 392 quodsienim-

255 386 539 445 Catholica
586 386 798 461 Religio
849 388 1131 445 evidenter
1176 389 1450 447 credibilis
1486 392 1589 455 est,
1669 393 1767 450 uid
1814 393 1965 453 aliud

257 460 636 537 consequitur,
685 462 781 518 nisi
823 480 1045 520 coeteras
1090 463 1524 537 Christianorum
1565 468 1633 524 Se
1690 486 1745 525 as
1777 487 1966 535 ,errare

254 539 315 593 in
344 539 585 612 propriae
614 537 719 593 suae
758 536 938 594 salutis
971 541 1271 613 perniciem
1295 576 1311 605 ,
1362 545 1423 602 &
1457 542 1557 605 sic,
1590 543 1743 619 quod
1782 545 1871 601 est'
1893 544 1965 613 ad

253 610 422 669 fidem
436 647 452 676 ,
490 614 787 669 errantium
813 613 945 682 ⁹loco
993 613 1109 671 effes
1130 613 1452 682 habendas?
1517 619 1571 676 Si
1610 617 1836 676 omnino
1871 637 1962 677 ex-

159 696 165 701 ’
253 690 430 763 ceptis
467 686 766 745 Catholicis
803 691 987 746 coeteri
1021 689 1272 758 homines
1303 693 1360 746 in
1389 691 1672 768 Religione
1702 693 1733 750 a
1768 697 1963 767 verita7

252 778 312 820 te
320 798 338 834 ,
375 780 542 838 quam
577 762 901 837 agnoscunt>
935 781 1027 822 aut
1061 764 1181 821 satis
1214 782 1494 840 patentem
1526 768 1784 826 omnibus
1806 766 1964 842 facile

251 837 545 913 agnoscere
575 837 825 913 possunt,
860 839 1114 902 recedant
1140 858 1155 912 3
1192 840 1324 915 ergo
1369 844 1532 899 etiam
1570 846 1627 899 in
1675 847 1963 902 veritatem

246 918 320 975 ὅς
353 915 410 969 in
442 914 629 971 Deum
659 931 914 988 peccant,
948 914 1082 990 ergo
1119 915 1434 973 salutarium
1471 921 1826 976 vexationum
1852 937 1966 995 ope

250 988 408 1047 velut
445 989 898 1057 medicaminibus
928 993 1091 1047 etiam
1123 993 1319 1048 amaris
1349 991 1473 1050 illos
1507 1011 1767 1051 revocare
1798 994 1828 1051 a
1846 1012 1962 1051 cer·

241 1063 452 1131 4tiffimo
482 1082 694 1128 errore,
731 1069 792 1125 δε
826 1064 894 1122 ab
941 1068 1155 1139 aeternis
1192 1069 1398 1140 poenis,
1438 1069 1649 1125 nonnisi
1684 1068 1963 1128 charitatis

249 1139 571 1196 Christianae
596 1139 879 1196 confilium
897 1140 1166 1211 laudabile
1195 1139 1379 1199 fuerit.
1453 1143 1586 1217 Ipfis
1613 1146 1760 1201 enim
1782 1162 1963 1201 erran-

249 1213 399 1269 tibus
418 1214 641 1286 expedit
662 1215 852 1288 legum
879 1217 1065 1290 rigore
1095 1234 1155 1272 ac
1188 1232 1397 1274 terrore
1435 1218 1703 1293 compesci
1739 1237 1756 1292 ;
1795 1235 1962 1294 atque

251 1285 315 1344 fit
340 1286 622 1344 laudandae
655 1288 778 1344 sunt
811 1289 987 1362 leges,
1013 1308 1135 1364 quae
1161 1309 1262 1346 nos
1284 1291 1452 1364 impie
1477 1310 1640 1366 agere
1657 1296 1957 1355 vetant‚ita

243 1361 720 1425 commendandae,
754 1379 876 1437 quae
916 1362 1086 1436 impie
1115 1364 1365 1440 credere,
1401 1365 1623 1428 sentire,
1664 1384 1725 1422 ac
1759 1367 1959 1424 docere

249 1442 363 1493 non
398 1436 591 1494 sinunt.
689 1438 744 1495 Si
779 1440 1014 1493 rationes
1025 1472 1042 1501 ,
1080 1438 1118 1494 fi
1153 1438 1550 1512 persuasiones,
1601 1441 1826 1515 aliaeque
1852 1443 1957 1502 mi-

236 1513 414 1578 tiores
452 1526 593 1568 artes
639 1511 777 1568 nihil
816 1511 1103 1585 proficiant
1123 1547 1140 1575 ,
1188 1530 1300 1569 non
1351 1513 1687 1572 irascendum
1725 1517 1956 1574 Medico

238 1586 442 1661 >asperis
478 1589 653 1643 utenti
687 1586 971 1650 remediis,
1008 1603 1072 1644 ut
1105 1586 1248 1645 sanet
1276 1605 1293 1661 3
1333 1587 1424 1645 sed
1458 1606 1795 1664 aegrotorum
1829 1608 1958 1666 per·

236 1665 454 1796 1tinadciae
490 1660 543 1729 se
576 1662 729 1721 aliter
766 1679 878 1721 non
927 1664 1364 1738 permittentium
1396 1663 1594 1730 sanari,
1627 1667 1704 1724 est
1739 1664 1956 1727 succen-

269 1754 336 1794 en
376 1754 490 1795 um.

234 1940 236 1943 .
393 1886 548 1948 XVI.
591 1885 710 1945 Imo
742 1886 925 1965 reapse
960 1890 1018 1948 id
1054 1891 1258 1950 consilii
1298 1893 1355 1948 in
1385 1891 1608 1951 salutem
1644 1889 1838 1950 talium
1867 1910 1952 1950 er·

242 1967 483 2023 rantium
516 1962 810 2023 feliciffime
838 1964 1032 2023 ceffisse
1067 1962 1437 2043 frequentius,
1458 1968 1830 2042 plurimorum
1856 1984 1951 2024 ex-

233 2041 428 2114 empla·
457 2041 847 2103 contestantur,
877 2042 972 2115 qui
1002 2041 1305 2098 rationibus
1337 2041 1462 2099 solis
1485 2042 1826 2111 &doetrinae
1849 2041 1947 2100 fibi

231 2115 498 2189 exposita:
537 2118 930 2172 contumaciter
980 2113 1077 2173 diu
1126 2117 1454 2180 restiterant,
1503 2117 1594 2174 sed
1626 2115 1724 2173 ubi
1760 2133 1947 2191 poena-

229 2204 371 2254 sum
402 2207 609 2247 terrore
639 2188 812 2248 ada-sti
846 2191 1056 2246 animos
1091 2192 1152 2251 δι
1190 2208 1346 2248 aures
1381 2194 1692 2248 attentiores
1727 2192 1946 2266 praebu-

244 2280 405 2324 erunt
439 2264 699 2322 dostrinae
734 2261 889 2322 sacrae
940 2269 1002 2329 &
1040 2267 1282 2322 veritatis
1319 2266 1721 2340 praedicationi,
1759 2265 1947 2342 Eccle-

241 2340 329 2397 fiae
362 2335 657 2397 Catholicae
685 2336 884 2398 redditi
963 2339 1105 2396 acata
1135 2356 1318 2397 mente
1352 2343 1643 2416 pristinum
1671 2340 1831 2398 suurn
1861 2360 1944 2398 er-

227 2433 425 2489 sorem
460 2412 799 2472 damnarunt.
829 2435 835 2441 ·
914 2358 1000 2472 Ee
1029 2415 1249 2471 civitate
1282 2415 1374 2473 sua
1411 2415 1782 2490 Hipponenfi,
1819 2434 1945 2492 quae

226 2502 352 2550 tota
379 2491 582 2549 Donati
617 2490 914 2559 erroribus,
948 2494 1009 2555 &
1043 2488 1308 2567 schifinati
1348 2490 1698 2563 addiffiffima
1733 2487 1945 2623 fuet-lat,
