2144 2852
227 169 339 283 238
780 178 1389 284 ῆὲωὲνὶοωῢῡὶὲι

227 338 386 394 etiam
420 333 541 393 facit
571 373 585 396 ‚
631 333 782 410 quod
832 336 1134 395 eorundem
1175 335 1564 395 Tribunalium
1598 333 1941 404 facultatemf,

228 411 650 487 potestatemque
684 412 899 471 diversis
932 414 1269 489 temporibus
1292 452 1312 478 ,
1364 411 1530 489 prout
1561 412 1748 488 magis
1777 429 1940 488 expe-

229 487 345 545 dire
382 489 441 544 iis
471 487 782 554 videbatur,
814 488 1037 564 legibus*
1064 490 1167 547 suis
1196 489 1282 547 vel
1315 489 1713 564 ampliaverint,
1741 488 1827 545 vel
1853 488 1943 547 su·-

227 563 394 621 binde
433 563 750 621 coarfilarint
784 581 800 637 3
851 566 1000 623 Sicut
1037 569 1100 627 &
1135 565 1413 622 noviffime
1447 563 1699 622 Edifi‘mm
1734 563 1938 622 ibidem

227 638 484 696 emanaffi:
509 639 861 713 perhibetur,
901 658 1015 715 quo
1039 641 1146 698 Rex
1168 640 1449 699 Lufitaniae
1485 643 1677 714 partim
1714 641 1942 698 reorum*

228 714 609 790 Inquisitorum
637 716 984 774 constitutum
1019 722 1080 778 &
1115 717 1437 774 audientiam
1474 718 1588 789 (ne
1622 715 1809 772 scilicet
1848 715 1940 772 sae-

228 790 299 866 pe
325 793 632 849 innocentes
663 793 821 849 nimis
858 793 1073 851 diutinis
1107 794 1418 869 captivitatis
1450 791 1698 849 molestiis
1730 789 1940 851 afflifita·

227 869 456 939 rentur)
485 867 623 924 ultra
647 868 1010 944 quatriduum
1048 866 1250 926 differri
1287 870 1483 933 vetuit,
1522 869 1719 941 partim
1747 867 1943 942 integri

228 938 505 1018 processus
552 948 613 1005 &
645 943 909 1002 sententiae
956 945 1024 1002 ab
1074 944 1480 1021 Inquisitoribus
1529 945 1587 999 in
1633 960 1755 1000 reos
1812 942 1944 1015 latae]

229 1018 546 1076 revisionem
581 1018 675 1077 fibi
708 1036 802 1078 aut
835 1019 1051 1078 Senatui
1075 1019 1567 1096 Regioreservavit.
1638 1018 1725 1075 De
1759 1018 1941 1075 Vene-

228 1109 281 1152 ta
318 1092 484 1169 porro
519 1092 663 1153 idem
696 1095 896 1171 Fleury
925 1099 1084 1154 citato
1107 1093 1229 1154 loco
1260 1094 1331 1154 ita
1353 1094 1596 1171 loquitur
1631 1110 1648 1152 ε
1721 1093 1942 1157 „Vene-

228 1185 315 1234 ‚‚ta
345 1171 509 1245 igitur
545 1169 815 1247 Inquisitio
850 1186 916 1228 ex
950 1172 1114 1230 Curia
1150 1171 1382 1229 Romana
1430 1187 1539 1228 non
1580 1168 1812 1244 pendet3
1850 1167 1943 1226 sed

226 1245 475 1309 „Ducem
499 1243 660 1302 habet
694 1245 1067 1305 sententiarum
1108 1248 1452 1305 executorem
1486 1251 1550 1306 &
1580 1247 1656 1302 rei
1690 1261 1943 1302 numma-

230 1323 354 1384 „riae
385 1312 780 1393 depositarium.
847 1320 919 1377 ¹In
949 1323 1087 1380 urbe
1107 1338 1211 1379 tres
1233 1324 1542 1392 Senatores3
1578 1336 1724 1396 extra
1746 1319 1945 1378 urbem

229 1393 513 1461 „Ressores
543 1398 819 1454 civitatum
858 1395 984 1458 huic
1018 1396 1217 1473 judicio
1251 1395 1536 1454 adhibendi
1576 1392 1714 1452 sunt.
1935 1397 1938 1399 ’

379 1542 596 1603 XXXI.
664 1540 941 1605 Coeterum
978 1543 1162 1604 Italicis
1209 1545 1266 1603 in
1300 1545 1453 1603 terris
1491 1545 1734 1620 speciales
1769 1545 1946 1621 Status

226 1637 353 1680 tum
387 1621 618 1684 politici,
655 1638 776 1679 tum
816 1621 1148 1681 Ecclesiastici
1179 1624 1409 1679 rationes
1447 1620 1689 1695 ejusdem
1728 1622 1947 1698 Inquisi-

230 1700 388 1755 tionis
422 1698 879 1755 introductionem
919 1696 1243 1773 promovisse
1282 1694 1615 1772 plurimum,
1641 1715 1803 1754 nemo
1840 1697 1946 1755 du·-

230 1773 377 1830 bitat.
450 1772 597 1830 cum
632 1773 833 1830 ibidem
867 1773 1069 1831 Ditioni
1110 1774 1178 1831 ad
1217 1775 1425 1830 Statum
1459 1772 1811 1847 temporalem
1842 1773 1948 1830 Ec-

232 1849 398 1907 clesiae
435 1849 682 1905 Romanae
712 1851 994 1924 pertinenti
1028 1850 1286 1907 Summus
1311 1845 1558 1906 Pontifex
1589 1847 1730 1922 Jure
1759 1847 1951 1922 supre-

232 1923 417 1983 matfis
440 1925 598 1981 etiam
634 1927 689 1981 in
721 1924 965 1981 civilibus
985 1959 1001 1986 2
1031 1929 1093 1986 ὅτ.
1127 1942 1318 1999 magna
1351 1941 1418 1980 ex
1456 1940 1607 1998 parte
1633 1923 1799 1980 veluti
1835 1926 1948 1980 An-

233 2001 376 2058 tistes
425 2001 483 2056 in
517 1998 876 2057 Ecclesiasticis
925 2017 1052 2057 cum
1104 2001 1442 2062 eminentiori
1489 1999 1743 2073 potestate
1790 1997 1948 2056 fimul

233 2075 438 2132 ibidem
471 2075 670 2151 praesit3
709 2077 764 2132 in
805 2076 988 2132 vicinis
1027 2076 1194 2148 porro
1234 2091 1353 2132 tum
1392 2074 1681 2147 provinciis
1713 2073 1951 2132 aliorum

232 2151 586 2225 Principum,
636 2166 754 2208 tum
791 2150 1115 2207 Dioecesibus
1144 2148 1533 2224 Episcoporum
1575 2147 1710 2205 Urbi
1731 2200 1734 2203 .
1759 2151 1949 2223 propi..

237 2243 402 2283 orum
435 2226 606 2298 major
646 2225 885 2300 ejusdem
914 2225 1171 2282 habeatur
1203 2223 1519 2286 authoritas,
1544 2239 1705 2296 atque
1734 2223 1787 2280 hi
1814 2242 1950 2298 prae-

237 2317 321 2359 ter
336 2318 699 2358 ,communem
747 2301 890 2361 illam
912 2300 1184 2369 omnibus.
1208 2299 1485 2374 Episcopis,
1509 2298 1653 2356 orbis
1686 2299 1947 2359 Catholici

239 2394 367 2433 cum
402 2376 541 2433 Sede
579 2377 809 2433 Romana
840 2375 991 2433 velut
1029 2391 1216 2432 centro
1256 2376 1469 2439 unitatis>
1503 2377 1947 2434 communionem

239 2469 300 2507 ac
326 2451 814 2509 subordinationem
836 2451 1238 2508 Hierarchicam
1259 2449 1609 2519 essentialem,
1630 2449 1946 2520 arctioribus

241 2525 419 2586 adhuc
440 2525 824 2601 ‘dependentIae
854 2526 1078 2587 vinculis
1101 2525 1279 2585 eidem
1309 2525 1563 2600 adstringi
1578 2523 1803 2583 soleant.
1839 2524 1955 2584 Sed..

1696 2615 1875 2671 neque
