2144 2852
243 210 319 268 τε
799 195 1407 278 affluar&

251 332 404 391 nobis
440 343 625 387 natura
659 329 931 388 dubitandi
969 332 1050 405 jus
1100 328 1307 386 dederit
1345 328 1411 386 ad
1446 326 1634 384 falsum
1685 325 1952 385 declinan-

251 410 415 469 dum,
445 409 505 465 &
537 424 729 463 verum
772 407 1185 466 inveniendum,
1217 404 1338 461 ideo
1376 404 1482 460 sine
1521 401 1815 460 discrimine
1839 405 1952 460 cui-

251 500 469 557 cunque
500 488 557 542 &
585 482 652 538 de
685 483 1094 557 quibuscunque
1131 480 1289 536 rebus
1319 479 1558 549 dubitare
1597 475 1672 534 fas
1708 479 1798 534 est.
1871 479 1954 536 Si·

251 577 343 618 cut
367 560 622 614 nimirum
641 561 794 614 certis
816 557 1134 632 quibusdam
1159 557 1396 611 terminis
1411 557 1587 611 omnia
1603 553 1948 617 .naturae,imo

252 642 315 697 &
359 635 633 689 Virtutum
657 634 793 707 ‚Jura
825 631 1166 693 co'e‘rcenturj
1190 634 1283 705 qui
1315 630 1496 687 excedi
1530 645 1590 685 ac
1623 629 1806 684 violari
1835 628 1951 685 abs·

251 729 359 787 que
391 709 544 781 culpa
580 708 683 763 levi
722 726 812 764 aut
846 710 995 782 gravi
1016 724 1136 762 non
1175 704 1386 780 possunt
1422 723 1438 777 3
1477 703 1544 760 ita
1578 707 1640 763 &
1673 703 1951 760 dubitandi

251 787 367 860 jura
406 785 459 838 in
490 781 760 838 effraenem
794 783 1063 839 audaciam
1098 780 1371 837 interdurn
1411 778 1721 853 assurgentia
1755 795 1952 852 perpe·

251 861 349 919 tuo
387 874 650 931 temperet
681 858 776 914 alia
810 875 989 915 comes
1018 856 1276 913 dubitatio
1307 874 1366 912 ac
1399 860 1589 917 timor,
1612 853 1814 909 necesse
1847 855 1953 917 est,

250 955 320 993 ne
353 934 539 990 scilicet
571 951 698 990 cum
731 929 1021 989 erroribus''
1034 935 1310 988 veritatem
1335 937 1498 1005 ipsam
1527 928 1733 985 incaute
1753 929 1953 985 exscin-

251 1012 439 1068 damus
466 1044 482 1070 ,
531 1025 621 1064 aut
653 1006 916 1063 aeternum
952 1008 1021 1062 de
1054 1007 1302 1062 omnibus
1337 1003 1644 1067 dubitetur,
1678 1021 1800 1078 quat
1833 1005 1956 1060 Sce-

250 1088 522 1160 pticorum
572 1081 762 1138 insania
809 1080 1012 1144 fuerat,
1062 1087 1122 1141 &
1157 1081 1434 1138 ambitiosis
1470 1083 1691 1154 ingeniis
1726 1079 1954 1135 maxima

249 1160 340 1216 sua
375 1155 671 1215 infelicitate
705 1158 1002 1230 contingit:
1042 1156 1130 1213 sed
1166 1156 1389 1212 omnino
1419 1154 1951 1230 praesupponendum

249 1237 359 1297 est,
387 1234 497 1289 dari
535 1233 788 1304 quasdam
824 1236 1065 1288 veritates
1097 1229 1166 1288 ita
1194 1249 1382 1294 certas,
1422 1232 1489 1288 de
1521 1231 1714 1305 quibus
1747 1228 1951 1285 dubita-

249 1312 295 1366 ri
330 1309 475 1364 nullo
507 1307 674 1364 modo
709 1308 891 1382 poffit‚
916 1306 1138 1369 utlsunt
1169 1310 1340 1381 prima
1373 1308 1629 1380 principia
1653 1323 1750 1378 per
1774 1304 1823 1359 se
1853 1321 1954 1360 no·-
2022 1307 2029 1309 ⁴

250 1401 335 1446 ta,
376 1389 437 1444 ὃς
476 1401 559 1438 res
603 1387 848 1439 omnium
899 1385 1183 1443 hominum
1235 1380 1590 1456 omniumque
1642 1396 1953 1452 temporum

250 1457 498 1516 consensu
532 1460 765 1531 probatae
805 1474 894 1514 aut
923 1457 1346 1519 evidentiffimae‚
1377 1458 1574 1531 quibus
1605 1459 1665 1514 &
1701 1453 1833 1510 illud
1866 1471 1952 1510 ac-

251 1533 601 1591 censendum:
626 1551 835 1590 certum
872 1532 972 1588 esse
993 1570 1011 1594 ‚
1045 1550 1236 1587 verum
1277 1538 1338 1592 ὃς
1368 1529 1764 1591 inconcussum,
1796 1528 1954 1602 quid-

249 1607 384 1683 quid
417 1610 614 1664 revelat
646 1626 705 1664 ac
730 1624 904 1664 narrat
934 1611 1103 1681 prima
1139 1608 1343 1663 Veritas
1375 1608 1536 1663 Deus,
1613 1604 1678 1659 Et
1706 1603 1953 1678 quamvls

250 1686 345 1741 alia
380 1684 626 1758 quaedam
667 1682 819 1758 aeque
859 1700 983 1739 nota
1016 1698 1105 1739 aut
1138 1683 1400 1739 evidentia
1430 1699 1540 1737 non
1576 1678 1729 1740 sunt,
1760 1677 1953 1735 dofflss-

250 1759 508 1835 simorum
557 1776 734 1815 tamen
784 1763 843 1818 ὃ(
895 1760 1365 1831 integerrimorum
1407 1759 1662 1812 Virorum
1702 1751 1952 1827 suffragio

251 1834 487 1889 unanimi
515 1834 802 1903 probatur,
825 1834 958 1888 eirca
977 1852 1035 1888 ea
1071 1833 1260 1894 rudes,
1285 1831 1597 1904 &imperiti
1623 1829 1815 1885 merito
1841 1829 1951 1891 lite,

250 1925 310 1963 ac
343 1906 489 1962 anxia
520 1907 631 1962 imo
665 1907 980 1962 calumniosa
1014 1907 1278 1964 dubietate
1313 1925 1403 1964 aut
1424 1904 1748 1962 contentiosa
1783 1903 1950 1960 disce-

252 1985 487 2057 ptatione
520 1981 887 2038 abstinendum
925 1981 1016 2036 fibi
1058 1982 1231 2038 scIant.

401 2131 540 2187 VIII.
580 2131 683 2186 His
722 2129 1058 2191 veritatibus,
1090 2128 1158 2185 de
1193 2127 1388 2202 quibus
1420 2127 1664 2184 dubitare
1695 2122 1840 2183 nefas
1874 2124 1952 2188 sits

255 2207 325 2279 pii
358 2207 574 2280 quidam
606 2207 846 2261 homines
882 2210 940 2264 &
977 2222 1165 2278 graves
1198 2203 1469 2259 accensent
1499 2203 1951 2276 Religionem‚at-

254 2299 362 2354 que
414 2281 484 2337 ita
531 2281 798 2343 sentiunt,
858 2280 986 2336 nihil
1022 2279 1272 2351 Religioni
1309 2296 1413 2333 tam
1460 2282 1786 2334 contrarium
1821 2275 1953 2338 esse,

254 2356 418 2427 quam
451 2357 564 2428 ejus
615 2359 886 2412 veritatem
926 2359 977 2410 in
1017 2354 1244 2411 dubium
1290 2371 1510 2416 vocare,
1549 2352 1867 2427 firmamque
1905 2352 1953 2407 ei

257 2431 417 2485 fidem
455 2432 766 2488 detrectare.
839 2431 993 2486 Hanc
1031 2434 1171 2486 enim
1207 2428 1241 2483 fi
1278 2431 1329 2483 in
1369 2429 1750 2485 dubitationem
1784 2426 1953 2482 addu·

256 2523 406 2569 cere,
430 2523 590 2581 atque
624 2511 865 2566 animum
898 2509 952 2563 in
991 2505 1091 2562 hac
1129 2521 1238 2560 non
1269 2503 1521 2561 credendi
1554 2508 1614 2563 δε
1653 2501 1953 2631 detregtaoe.

1836 2592 1879 2630 ae
