2144 2852
743 182 1348 266 ῢῡὲἓμϋῇδὲῑ
1794 200 1900 260 177

235 328 245 336 '
323 319 395 378 V.
433 315 519 376 Εὸ
553 316 814 393 equidem
846 315 1057 375 faciliiis
1095 321 1409 394 pertingere
1443 321 1685 376 ‘rationis'
1708 317 1902 377 huma-

194 412 278 452 nae
313 411 541 453 acumen
572 393 770 450 exinde
802 393 1023 451 videtur
1040 427 1056 455 ‚
1088 411 1151 451 ut
1185 394 1449 469 prasticas
1481 394 1702 453 moralis
1737 393 1901 452 Chri·

193 469 372 527 stianae
409 472 662 527 veritates
696 468 802 525 suis
842 467 1052 526 viribus
1089 471 1334 527 invenire
1370 475 1432 532 &
1464 469 1898 545 comprehende·

190 563 253 602 re
288 546 477 621 possit,
521 543 742 619 eoquod
778 559 891 601 tota
940 543 1029 601 illa
1063 543 1094 601 a
1123 544 1263 620 Jure
1297 546 1526 604 Naturae
1566 562 1680 603 non
1713 545 1901 604 admo-

189 619 331 678 dam
372 617 624 691 differat3
664 618 777 676 imo
814 619 853 677 fi
891 636 1003 675 non
1040 618 1150 677 sola
1167 655 1184 684 ‚
1219 624 1497 696 praecipua
1534 620 1720 678 saltem
1744 622 1900 697 Juris

190 697 475 755 Naturalis
501 711 773 770 praecepta
799 697 1090 753 contineat.
1167 697 1274 772 Jus
1297 712 1495 754 autem·
1514 697 1782 754 Naturale
1801 696 1900 756 ho-

191 775 329 829 mini
370 771 440 828 ad
475 773 770 846 imaginem
806 771 1070 828 Divinam
1120 771 1344 833 condito
1393 774 1750 848 congenitum
1768 807 1785 835 ‚
1825 787 1901 830 at-

189 865 301 923 que
340 847 520 904 eidem
550 846 581 903 a
616 847 738 904 Deo
777 846 930 904 velut
964 846 1147 905 radius
1189 847 1358 923 Legis
1397 845 1502 903 suae
1540 863 1752 905 aeternae
1801 849 1902 905 im-

192 922 434 998 preffum
468 921 571 984 est,
608 939 708 978 nec
748 939 816 978 ex
854 937 1038 978 mente
1081 923 1321 980 hominis
1338 953 1358 987 2
1410 939 1706 999 quousque
1738 924 1901 981 ratio·

189 998 326 1055 nalis
363 995 465 1055 effe
493 1015 606 1054 non
646 997 865 1060 definit,
895 1015 1141 1073 unquam
1170 998 1366 1061 deleri,
1398 1014 1460 1054 ac
1491 997 1767 1056 obliterari
1802 1016 1902 1074 po-

187 1075 328 1147 test3
367 1072 533 1136 adeo,
571 1089 635 1130 ut
669 1071 779 1131 sola
815 1076 980 1130 etiam
1017 1076 1229 1132 ratione
1260 1072 1400 1131 duce
1432 1073 1903 1147 perspiciendum,

194 1153 254 1211 &
283 1149 497 1206 bonum
570 1147 602 1205 a
655 1148 800 1206 malo
819 1183 835 1211 ‚
875 1148 1084 1207 malum
1113 1149 1150 1212 ,a
1184 1149 1334 1206 bono
1369 1145 1784 1206 discernendum
1823 1149 1904 1208 sit.

190 1225 250 1282 Si
284 1226 430 1281 enim
469 1223 606 1281 illud
643 1223 867 1299 ipsamet
903 1224 1027 1282 Lex
1074 1241 1271 1282 aeterna
1312 1225 1418 1282 Dei
1470 1222 1581 1281 five
1630 1224 1904 1284 ordinatio

190 1302 410 1360 Divinae
431 1301 714 1374 Sapientiae
740 1298 1024 1356 necessaria
1046 1316 1304 1358 creaturae
1337 1299 1584 1360 rationali
1615 1303 1904 1376 participa-

192 1391 274 1439 ta,
303 1390 400 1432 aut
434 1374 682 1451 ejusdem
720 1375 904 1432 radius
939 1374 1151 1432 homini
1179 1376 1209 1433 a
1243 1377 1366 1433 Deo
1398 1375 1682 1450 impressus
1713 1376 1907 1434 descri-

191 1451 344 1510 bitur
383 1468 398 1523 ;
475 1452 629 1509 Ratio
680 1450 826 1507 certe
860 1453 1044 1525 imago
1083 1456 1145 1512 &
1191 1450 1475 1525 speculum
1523 1450 1662 1507 illud
1701 1454 1806 1523 est,
1847 1456 1905 1510 in

195 1543 311 1602 quo
349 1541 548 1581 aeterna
587 1524 703 1581 haec
750 1526 856 1582 Dei
891 1525 979 1582 lex
1018 1528 1159 1582 circa
1204 1524 1660 1598 gubernationem
1698 1543 1905 1586 creatu-

196 1619 271 1658 rae
302 1598 574 1656 rationalis
611 1598 680 1654 ad
717 1598 883 1655 finem
931 1599 1092 1656 suum
1126 1598 1430 1672 resplendet
1463 1617 1526 1655 ac
1561 1601 1902 1673 repraesenta-

197 1693 290 1734 tur
308 1711 324 1737 ‚
362 1674 583 1731 testante
623 1673 898 1746 Propheta
944 1674 1115 1746 Regio
1152 1693 1167 1728 ε
1224 1673 1501 1743 Signatum
1537 1672 1602 1748 est
1616 1671 1777 1751 super
1811 1696 1904 1736 nos

194 1751 372 1809 lumen
402 1746 585 1805 vultds
621 1749 741 1810 tui,
794 1748 1017 1804 Domine
1037 1747 1059 1803 Ι
1096 1765 1218 1823 quae
1259 1765 1345 1803 res
1395 1747 1715 1821 palmariam
1765 1751 1903 1827 ejus-

196 1827 327 1886 dem
375 1823 408 1881 a
455 1823 610 1900 Lege
646 1824 851 1880 Divina
897 1822 1126 1897 positiva
1184 1819 1547 1880 differentiam
1596 1826 1903 1896 constitu-it.

195 1901 349 1980 quod
380 1899 528 1957 nulla
564 1897 856 1956 extrinseca
888 1898 1332 1975 promulgatione
1367 1898 1625 1975 indigeat.

327 2053 382 2112 6.
420 2048 806 2109 Nihilominus
841 2054 902 2111 δε
935 2048 1026 2105 hic
1058 2048 1251 2105 eadem
1281 2051 1505 2106 rationis
1527 2049 1778 2109 humanae
1804 2054 1902 2112 im-

195 2127 462 2187 becillitas
510 2125 754 2185 similiter
800 2125 906 2182 sese
954 2120 1255 2181 manifestat
1276 2161 1291 2187 ,
1345 2129 1407 2185 &
1443 2127 1680 2200 angustis
1718 2128 1903 2186 admo-

197 2201 338 2261 diim
370 2201 460 2257 hic
493 2216 718 2276 quoque
753 2199 1019 2258 limitibus
1042 2204 1103 2260 &
1138 2198 1316 2274 spatiis
1349 2200 1621 2263 conclusa,
1645 2200 1752 2260 sola
1787 2201 1901 2262 fere

243 2278 472 2349 rincipia
505 2275 944 2332 universalissima
987 2274 1106 2332 tuto
1138 2279 1199 2335 ὃς
1229 2276 1432 2350 absque
1459 2278 1660 2334 erroris
1688 2281 1903 2352 pericu-

222 2371 257 2409 ο
280 2348 584 2425 cognoscit:
620 2350 806 2424 quoad
839 2350 1183 2425 particularia
1206 2349 1337 2408 vero
1365 2367 1661 2426 praecepta,
1687 2370 1810 2428 quae
1833 2372 1903 2413 ex

202 2427 308 2484 illis
356 2426 636 2501 principiis
673 2425 856 2486 veluti
906 2425 1184 2500 praemiffis
1235 2442 1494 2499 tanquam
1533 2427 1902 2488 conclufiones

205 2501 295 2560 vel
328 2498 540 2560 remote
571 2499 659 2559 vel
684 2503 845 2560 etiam
868 2499 1102 2580 propsts
1137 2500 1484 2561 deducuntur
1493 2502 1606 2567 ,rad
1623 2503 1731 2578 Jus
1754 2503 1902 2564 idem

1066 2576 1120 2636 Z
1650 2578 1715 2637 N
1716 2594 1828 2640 atu-
