2144 2852
265 226 378 291 186
816 217 992 300 ff&
1035 223 1065 294 )
1101 239 1140 278 0
1177 212 1425 299 (ᾧῷ

260 366 518 426 'tanquam
548 350 833 410 involucris
857 350 1610 426 &imaginibus‚occuitata‘m
1642 346 1964 430 fuifle'fverb

263 443 457 497 tatem,
491 431 552 489 &
579 428 730 502 Juris
764 427 901 485 adeo
940 428 1210 485 Naturalis
1246 430 1412 503 capita
1436 427 1595 503 longe
1622 429 1971 502 praestantiffis

260 521 349 559 ma
383 501 633 565 latitfiffe,
659 502 692 559 ’ἓ
726 503 969 577 pluribus
998 503 1219 560 eruditis
1254 503 1560 578 praesertim.
1605 503 1832 561 Gerard.
1866 504 1971 579 ‚Joa

261 595 399 634 anne
430 577 611 635 Voffio
648 579 707 634 de
738 578 984 635 Idololatr.
1013 577 1285 641 Gentilium
1301 615 1321 641 ‚
1371 583 1433 639 &
1481 577 1645 635 Fabio
1693 578 1974 636 Planciade

257 651 546 727 Fulgentio
577 653 636 707 inv
652 653 844 711 Libris.
869 669 918 727 3.
950 654 1012 710 de
1040 655 1374 726 NJthologia‚
1404 657 1466 715 &
1493 652 1601 710 aliis
1621 652 1861 710 eviCtum
1889 654 1972 711 est

259 730 322 787 &
354 728 851 786 commonstratum.
927 730 1034 786 Sed
1061 733 1122 790 &
1156 727 1286 785 illud
1321 745 1558 790 certum,
1587 744 1668 785 tot
1693 726 1970 785 erroribus

259 806 323 864 &
360 803 589 877 indignis
638 804 1063 862 absurditatibus
1091 803 1353 861 ccelestem
1393 806 1671 861 veritatem
1706 802 1967 875 pollutam

258 882 320 938 δε
354 878 791 936 commaculatam
822 881 887 936 ab
924 879 1004 937 his
1027 877 1202 942 fuiffe,
1237 895 1297 937 ut
1328 881 1384 936 in
1417 879 1528 952 ipso
1565 880 1787 935 Naturae
1823 879 1970 952 Jure·

256 952 390 1009 nihil
425 952 642 1017 fimum,
678 954 810 1010 nihil
839 957 1108 1030 integrum
1142 952 1330 1017 fuerit,
1361 954 1560 1016 multa,
1594 954 1706 1010 imo
1734 952 1968 1027 plurima

257 1045 511 1102 corrupta
532 1067 552 1093 ,
599 1029 884 1103 depravata
903 1070 919 1094 ,
954 1030 1296 1104 tenebrisque
1338 1028 1625 1105 piusquem
1662 1028 1967 1103 Cimmeriis

257 1102 512 1161 involuta.
588 1105 848 1161 Testatur
872 1109 1014 1162 enim
1041 1105 1331 1180 Apostolus
1356 1106 1493 1162 Rom.
1517 1119 1563 1163 Ι.
1583 1122 1642 1160 v.
1665 1101 1966 1177 18.&seq.‚

257 1195 446 1234 omnes
473 1178 594 1234 istos
627 1179 890 1237 evanuisse
933 1183 988 1236 in
1027 1181 1433 1254 cogitationibus
1475 1180 1603 1241 suis,
1628 1184 1690 1238 &
1721 1177 1964 1234 obscura-

256 1266 376 1308 tum
401 1249 551 1307 fuisse
573 1252 820 1325 insipiens
845 1272 941 1310 cor
964 1272 1184 1316 eorum,
1221 1259 1283 1315 &
1334 1272 1400 1310 ex
1431 1255 1808 1328 depravatione
1839 1269 1962 1309 cor-

255 1325 336 1382 dis
370 1343 488 1381 eam
539 1325 767 1383 secutam
822 1325 971 1384 fuisse
1013 1331 1206 1385 mentis
1237 1329 1654 1388 aberrationem,
1692 1343 1753 1382 ut
1781 1326 1810 1381 ἓ
1843 1324 1963 1382 Deo

253 1401 430 1456 traditi
463 1402 516 1456 in
543 1401 797 1475 paffiones
820 1404 1214 1476 ignominiae‚&
1239 1404 1293 1457 in
1318 1402 1614 1474 reprobum
1639 1400 1843 1456 sensum
1868 1400 1962 1456 da-

255 1476 325 1537 ti,
347 1477 400 1529 in
438 1475 731 1549 gravissima
754 1481 814 1536 &
835 1477 1188 1533 abominanda
1225 1476 1416 1533 {celera
1451 1476 1648 1532 ibidem
1682 1474 1959 1536 recensita,

296 1567 495 1606 uorum
545 1550 638 1608 vel
683 1553 899 1607 nomina
935 1548 1136 1625 refugit
1168 1557 1229 1613 &
1263 1551 1450 1608 horret
1482 1566 1698 1611 natura,
1735 1548 1962 1624 prolapfi

279 1627 452 1683 uerint
475 1662 494 1690 ,
542 1625 657 1684 imo
686 1626 993 1687 eorundem
1026 1628 1263 1687 monstra
1296 1628 1355 1684 in
1389 1627 1493 1683 aris
1521 1625 1823 1685 veneranda
1857 1625 1961 1683 du·

249 1716 440 1758 xerint.

257 1924 259 1926 Ι
452 1847 621 1906 XIII.
694 1847 901 1907 Intereh
947 1851 1210 1926 temporis
1251 1850 1424 1925 maior
1457 1849 1668 1925 semper
1720 1851 1782 1908 δε
1826 1865 1959 1906 con-

245 1924 462 1982 stantior
513 1924 612 1980 Dei
666 1924 834 1981 eluxit
894 1924 1192 1984 sollicitudo
1276 1944 1340 1982 ro
1389 1927 1600 2001 populo
1632 1925 1727 1981 suo
1761 1918 1956 1995 Israeli-

244 1999 414 2062 licien,
455 2000 613 2074 cujus
654 1997 815 2057 semel
853 2001 1106 2075 Magister
1136 2005 1202 2061 δε
1287 2002 1536 2073 egislator
1570 1998 1672 2057 effe
1702 1997 1950 2069 dignatus

243 2073 454 2135 fuerat,
498 2082 780 2150 quemque
818 2073 974 2132 durae
1020 2075 1155 2132 adeo
1187 2077 1409 2132 cervicis
1449 2074 1555 2131 effe
1585 2087 1844 2145 noverat3
1881 2088 1951 2129 ne

245 2147 501 2206 nimirum
536 2154 578 2207 is
608 2150 784 2207 sal-tem
817 2151 874 2206 in
907 2150 1122 2206 eosdem
1146 2167 1274 2206 cum
1300 2149 1600 2206 Gentilibus
1625 2158 1838 2203 errores
1857 2147 1954 2204 de-

243 2229 438 2285 viaret,
463 2225 754 2282 suscitando
792 2223 1000 2297 semper
1030 2226 1188 2281 Viros
1221 2223 1618 2299 sapientiffimos
1638 2261 1656 2286 ,
1681 2221 1951 2297 Vatesque
2004 2247 2019 2252 >

243 2299 624 2364 Sanfflffimos,
655 2301 750 2376 qui
778 2304 839 2361 &
866 2301 1186 2373 'Sapientiam
1221 2317 1404 2357 veram
1433 2300 1722 2359 docerent,
1746 2303 1809 2358 ὅτ.
1828 2315 1949 2354 mo-

240 2394 327 2432 res
379 2375 567 2449 populi
602 2380 656 2432 in
689 2377 844 2450 pejus
892 2374 1101 2449 semper
1146 2392 1362 2433 ruentes
1397 2374 1760 2432 emendarent.
1874 2372 1946 2431 Et

238 2447 486 2523 profesto
514 2453 570 2506 in
606 2452 710 2508 hoc
738 2451 912 2506 saltem
945 2449 1155 2524 populo
1187 2467 1271 2507 tot
1308 2449 1543 2508 subsidiis
1579 2445 1833 2505 divinitus
1865 2449 1947 2503 in-

242 2525 441 2582 struss'to
480 2526 629 2597 Juris
664 2526 929 2582 Naturalis
958 2525 1165 2582 scientia
1195 2528 1444 2582 immunis
1473 2525 1540 2580 ab
1574 2524 1721 2579 omni
1747 2521 1864 2576 labe
1884 2532 1943 2576 ae

240 2613 427 2654 errore
444 2600 515 2656 ¹ad
541 2601 782 2674 posteros
807 2605 872 2662 &
893 2601 1084 2667 ultima
1102 2600 1290 2660 saeeula
1319 2597 1591 2662 transferri
1612 2593 1859 2743 pongffit
1879 2597 1944 2654 &
