2144 2852
279 210 399 278 274
834 191 1021 278 *Zmin
1061 193 1091 272 )
1125 209 1166 257 ὀ
1191 196 1231 276 -(
1263 192 1447 276 *a

281 327 462 394 „Nam
492 323 532 384 fi
562 338 748 388 contra
778 324 989 388 securos
1021 325 1246 388 fecerint
1266 327 1502 393 violenti,
1519 326 1606 388 vel
1633 343 1825 387 eorum
1834 325 1987 408 pona

282 403 679 478 „diripuerint3
717 420 830 462 non
853 423 913 480 ea
945 403 1078 469 sola,
1111 404 1597 482 quaetabstulerint,
1633 405 1722 463 fed
1758 402 1989 462 conviffl

281 481 373 545 „in
386 477 651 555 duplum,
714 497 796 537 uae
824 483 1128 556 rapuerint,
1145 481 1423 540 restituere
1446 481 1852 555 compellantur.
1889 480 1990 538 Re-

278 553 488 620 „stores
514 557 673 614 etiam
738 557 1099 616 rovinciarum
1114 596 1129 620 ‚
1160 561 1223 619 δε
1247 555 1439 616 Officia
1461 561 1526 619 δε
1550 555 1869 631 Principales
1895 571 1989 612 co-

279 629 568 705 „gnoscant
591 630 673 698 se,
699 630 738 689 fi
774 646 887 690 non
915 631 1012 707 ipsi
1036 631 1152 691 talia
1181 633 1481 696 vindicent,
1503 631 1590 691 sed
1616 633 1728 690 fieri
1755 631 1783 688 ἃ
1812 647 1989 706 popu-

273 705 511 841 „batibus
533 705 649 766 haec
685 706 1016 787 permiserint
1042 743 1063 774 ,
1097 707 1159 767 tit
1193 725 1286 769 eos
1301 748 1317 775 ‚
1355 711 1450 787 qui
1479 705 1729 773 fecerint,
1757 708 1990 783 punien-

270 818 307 847 22
348 798 425 841 os·

406 928 608 992 XXVI.
651 930 769 992 Alia
801 932 1020 1010 prorsus
1050 934 1126 992 est
1153 933 1481 994 Tolerantiae
1515 928 1806 992 neceffariae
1837 928 1989 987 indo·

276 1006 384 1074 les,
415 1006 571 1067 favor
600 1008 844 1074 uberior,
877 1011 983 1086 Jus
1015 1010 1255 1086 amplius.
1328 1014 1513 1084 Atque
1535 1028 1595 1067 ea
1619 1006 1838 1068 dicitur,
1861 1023 1988 1081 quae

278 1101 392 1142 non
423 1100 490 1142 ex
520 1082 692 1142 libero
725 1085 1038 1160 Imperantis
1067 1086 1283 1143 arbitrio
1316 1086 1545 1159 pendet,
1569 1084 1656 1142 sed
1693 1082 1779 1140 vel
1803 1098 1868 1138 ex
1893 1097 1987 1154 po·
2048 1125 2062 1138 .

278 1159 369 1217 &o
395 1159 637 1235 quodam
669 1160 892 1233 publico
924 1162 1286 1238 undequaque
1318 1162 1585 1237 legitimo,
1606 1158 1692 1217 vel
1717 1174 1782 1214 ex
1809 1154 1987 1231 publi-

279 1252 341 1291 ca
360 1233 513 1307 Lege
535 1233 834 1309 Principem
856 1236 1031 1311 ipsum
1057 1237 1326 1312 obligante
1348 1236 1631 1294 descendit.
1685 1234 1822 1290 Haee
1841 1233 1988 1289 enim

265 1308 349 1366 ite
374 1308 582 1382 stringit
599 1308 820 1366 Domini
853 1312 1166 1384 potestatem
1190 1347 1210 1374 ,
1259 1328 1321 1367 ut
1358 1310 1604 1387 quamvis
1631 1308 1830 1382 Religio
1868 1306 1989 1370 ina,

264 1382 436 1458 cujus
470 1382 716 1441 Libertas
756 1382 975 1442 subditis
1024 1384 1227 1443 indulta
1265 1383 1400 1449 fuit,
1436 1384 1707 1442 &Domini
1742 1380 1987 1440 moribus

267 1470 339 1533 fac
370 1457 606 1516 instituto
641 1457 800 1533 piane
836 1460 1144 1523 abhorreat,
1184 1459 1412 1536 efimque
1448 1459 1719 1536 improbet
1738 1493 1758 1522 ,
1803 1454 1986 1513 subdi-

265 1537 344 1591 ·tis
378 1548 557 1591 tamen
598 1532 832 1591 liberum
879 1534 995 1609 ejus
1028 1535 1185 1593 usum
1219 1532 1514 1594 secundum
1561 1533 1790 1593 modum
1827 1535 1890 1592 &
1926 1530 1988 1586 li-

266 1611 435 1667 mites
470 1607 670 1666 ibidem
702 1607 944 1685 praefixos
983 1610 1263 1685 indulgere
1280 1648 1299 1675 ,
1339 1616 1400 1672 &
1429 1627 1520 1668 eos
1550 1612 1810 1686 patienter
1839 1605 1987 1664 ferre

264 1681 561 1742 necessario
589 1684 807 1750 debeat,
844 1702 946 1743 nec
976 1687 1032 1744 in
1070 1687 1265 1744 eodem
1304 1686 1567 1763 impedire
1599 1684 1769 1762 poffit.
1881 1683 1987 1740 At-

263 1772 392 1836 ·que
428 1778 491 1817 ea
522 1759 609 1816 vel
646 1761 1006 1836 Temporaria
1054 1765 1156 1820 erit
1178 1801 1193 1825 ,
1239 1760 1278 1818 fi
1313 1762 1468 1837 Lege
1503 1760 1592 1820 vei
1630 1759 1987 1817 conventione

264 1833 430 1894 smere
461 1831 751 1911 provisori&
779 1835 846 1892 ad
872 1851 1087 1912 tempus
1118 1837 1422 1911 constituta3
1447 1835 1484 1893 fi
1518 1835 1649 1894 vero
1678 1834 1831 1909 Lege
1859 1850 1983 1908 per-

320 1910 448 1969 etuo
495 1910 719 1967 valitura
766 1910 1001 1968 conceffa
1038 1910 1204 1970 fuerit
1233 1952 1250 1978 ,
1298 1918 1360 1975 &
1409 1911 1513 1989 ipsa
1563 1926 1819 1986 perpetua
1865 1911 1981 1964 erit.

277 1928 430 2046 {lam
463 1989 524 2046 &
560 1984 698 2044 hanc
734 1986 956 2044 concedi
995 1987 1166 2062 poffe,
1199 1989 1331 2067 quid
1368 1986 1676 2064 repugnet?
1750 1985 1802 2043 Si
1835 1985 1980 2040 enim

277 2079 345 2119 ex
376 2063 526 2136 gravi
561 2061 714 2118 causa
738 2061 806 2119 ad
840 2079 1048 2121 certum
1084 2067 1146 2123 δε
1174 2063 1453 2123 definitum
1484 2079 1694 2136 tempus
1721 2078 1836 2116 eam
1860 2076 1993 2131 per··

266 2140 493 2194 mittere
524 2137 762 2194 illicitum
793 2136 1011 2212 prorsus
1050 2155 1162 2196 non
1199 2138 1285 2211 sit3
1322 2154 1547 2214 urgente
1583 2137 1815 2212 graviori
1854 2150 1980 2192 cau-

269 2213 332 2270 ,sfi
358 2211 663 2268 neceffitatis
685 2251 702 2275 ,
751 2215 838 2270 cui
876 2211 1024 2271 aliter
1058 2213 1260 2272 consuli
1306 2229 1563 2291 nequeat,
1599 2211 1821 2270 eandem
1852 2226 1980 2267 con-

277 2286 469 2344 cedere
501 2286 770 2364 Principes
807 2304 919 2345 non
973 2288 1333 2366 prohibentur
1365 2307 1383 2366 3
1421 2307 1540 2365 quae
1575 2302 1752 2346 tamen
1828 2302 1980 2360 erpe-

266 2364 433 2420 ‘tuitas
463 2359 591 2419 etim
628 2362 934 2422 humanitus
967 2366 1084 2422 data
1120 2362 1179 2422 fit
1202 2402 1220 2428 ,
1271 2365 1365 2422 alia
1399 2366 1554 2423 etiam
1589 2362 1752 2442 quem
1830 2379 1979 2418 uma-

272 2454 342 2493 na
386 2442 446 2497 &
498 2436 692 2494 caduca
759 2437 861 2495 esse
933 2441 1118 2512 nequit
1153 2479 1168 2502 ,
1217 2440 1386 2515 qualis
1430 2440 1539 2497 aliis
1611 2455 1834 2516 quoque
1890 2454 1978 2510 pa-

266 2511 373 2572 ffls
399 2516 462 2576 &
489 2512 729 2591 Legibus
760 2513 1005 2576 humanis
1035 2516 1190 2583 inest,
1213 2533 1272 2573 ut
1303 2515 1489 2575 seilicet
1527 2514 1734 2595 semper
1745 2512 1975 2642 ss-obliget,

341 2621 349 2629 .
477 2628 481 2633 ,
1208 2633 1212 2638 .
1809 2605 1863 2645 m
1885 2607 1903 2640 ι
