<?xml version="1.0" encoding="UTF-8"?>
<!DOCTYPE html PUBLIC "-//W3C//DTD XHTML 1.0 Transitional//EN"
    "http://www.w3.org/TR/xhtml1/DTD/xhtml1-transitional.dtd">
<html xmlns="http://www.w3.org/1999/xhtml" xml:lang="en" lang="en">
 <head>
  <title>
</title>
<meta http-equiv="Content-Type" content="text/html;charset=utf-8" />
  <meta name='ocr-system' content='tesseract 3.04.00' />
  <meta name='ocr-capabilities' content='ocr_page ocr_carea ocr_par ocr_line ocrx_word'/>
</head>
<body>
  <div class='ocr_page' id='page_1' title='image "./dissertatioprior00bartuoft_0020.png"; bbox 0 0 2144 2852; ppageno 0'>
   <div class='ocr_carea' id='block_1_1' title="bbox 210 214 1368 303">
    <p class='ocr_par' dir='ltr' id='par_1_1' title="bbox 210 214 1368 303">
     <span class='ocr_line' id='line_1_1' title="bbox 210 214 1368 303; baseline -0.003 0"><span class='ocrx_word' id='word_1_1' title='bbox 210 225 252 287; x_wconf 78' lang='grc' dir='ltr'><strong>ὅ</strong></span> <span class='ocrx_word' id='word_1_2' title='bbox 762 214 1368 303; x_wconf 52' lang='grc' dir='ltr'>ῧῷ)0(ῡῇ</span> 
     </span>
    </p>
   </div>
   <div class='ocr_carea' id='block_1_2' title="bbox 214 350 1927 1030">
    <p class='ocr_par' dir='ltr' id='par_1_2' title="bbox 214 350 1927 1030">
     <span class='ocr_line' id='line_1_2' title="bbox 224 350 1916 429; baseline -0.001 -17"><span class='ocrx_word' id='word_1_3' title='bbox 224 370 230 393; x_wconf 70' lang='lat'>1</span> <span class='ocrx_word' id='word_1_4' title='bbox 308 351 311 354; x_wconf 77' lang='grc'><strong>’</strong></span> <span class='ocrx_word' id='word_1_5' title='bbox 362 353 429 412; x_wconf 92' lang='lat' dir='ltr'>V.</span> <span class='ocrx_word' id='word_1_6' title='bbox 468 350 738 428; x_wconf 80' lang='lat' dir='ltr'>Equidem</span> <span class='ocrx_word' id='word_1_7' title='bbox 788 354 922 414; x_wconf 83' lang='lat' dir='ltr'>ficut</span> <span class='ocrx_word' id='word_1_8' title='bbox 953 354 1101 414; x_wconf 90' lang='lat' dir='ltr'>Deus</span> <span class='ocrx_word' id='word_1_9' title='bbox 1123 354 1239 429; x_wconf 79' lang='lat' dir='ltr'>jam</span> <span class='ocrx_word' id='word_1_10' title='bbox 1270 352 1394 410; x_wconf 88' lang='lat' dir='ltr'>inde</span> <span class='ocrx_word' id='word_1_11' title='bbox 1425 353 1513 411; x_wconf 73' lang='lat' dir='ltr'>ab&#39;</span> <span class='ocrx_word' id='word_1_12' title='bbox 1539 354 1740 409; x_wconf 82' lang='lat' dir='ltr'>aeterno</span> <span class='ocrx_word' id='word_1_13' title='bbox 1771 350 1916 411; x_wconf 80' lang='lat' dir='ltr'>ideas</span> 
     </span>
     <span class='ocr_line' id='line_1_3' title="bbox 214 425 1917 506; baseline 0.002 -22"><span class='ocrx_word' id='word_1_14' title='bbox 214 425 326 485; x_wconf 83' lang='lat' dir='ltr'>suas</span> <span class='ocrx_word' id='word_1_15' title='bbox 359 444 578 485; x_wconf 83' lang='lat' dir='ltr'>aeternas</span> <span class='ocrx_word' id='word_1_16' title='bbox 602 431 740 488; x_wconf 89' lang='lat' dir='ltr'>circa</span> <span class='ocrx_word' id='word_1_17' title='bbox 767 434 1011 506; x_wconf 87' lang='lat' dir='ltr'>regimen</span> <span class='ocrx_word' id='word_1_18' title='bbox 1044 433 1105 490; x_wconf 75' lang='grc' dir='ltr'>δε</span> <span class='ocrx_word' id='word_1_19' title='bbox 1134 429 1575 504; x_wconf 82' lang='lat' dir='ltr'>gubernationem</span> <span class='ocrx_word' id='word_1_20' title='bbox 1599 427 1829 486; x_wconf 82' lang='lat' dir='ltr'>universi</span> <span class='ocrx_word' id='word_1_21' title='bbox 1854 445 1917 487; x_wconf 79' lang='lat' dir='ltr'>ac</span> 
     </span>
     <span class='ocr_line' id='line_1_4' title="bbox 215 502 1920 580; baseline 0.002 -21"><span class='ocrx_word' id='word_1_22' title='bbox 215 502 509 578; x_wconf 84' lang='lat' dir='ltr'>praesertim</span> <span class='ocrx_word' id='word_1_23' title='bbox 531 521 786 564; x_wconf 86' lang='lat' dir='ltr'>creaturae</span> <span class='ocrx_word' id='word_1_24' title='bbox 804 506 1066 564; x_wconf 88' lang='lat' dir='ltr'>rationalis</span> <span class='ocrx_word' id='word_1_25' title='bbox 1085 504 1298 568; x_wconf 83' lang='lat' dir='ltr'>habuit,</span> <span class='ocrx_word' id='word_1_26' title='bbox 1328 502 1620 561; x_wconf 75' lang='lat' dir='ltr'>secundum</span> <span class='ocrx_word' id='word_1_27' title='bbox 1645 522 1777 580; x_wconf 87' lang='lat' dir='ltr'>quas</span> <span class='ocrx_word' id='word_1_28' title='bbox 1804 503 1920 562; x_wconf 84' lang='lat' dir='ltr'>haec</span> 
     </span>
     <span class='ocr_line' id='line_1_5' title="bbox 215 578 1919 657; baseline 0.001 -22"><span class='ocrx_word' id='word_1_29' title='bbox 215 581 493 655; x_wconf 87' lang='lat' dir='ltr'>quondam</span> <span class='ocrx_word' id='word_1_30' title='bbox 527 582 582 636; x_wconf 92' lang='lat' dir='ltr'>in</span> <span class='ocrx_word' id='word_1_31' title='bbox 621 597 866 657; x_wconf 87' lang='lat' dir='ltr'>tempore</span> <span class='ocrx_word' id='word_1_32' title='bbox 899 581 1111 639; x_wconf 88' lang='lat' dir='ltr'>condita</span> <span class='ocrx_word' id='word_1_33' title='bbox 1160 580 1226 636; x_wconf 92' lang='lat' dir='ltr'>ad</span> <span class='ocrx_word' id='word_1_34' title='bbox 1257 579 1431 655; x_wconf 88' lang='lat' dir='ltr'>ipsum</span> <span class='ocrx_word' id='word_1_35' title='bbox 1468 596 1722 654; x_wconf 89' lang='lat' dir='ltr'>tanquam</span> <span class='ocrx_word' id='word_1_36' title='bbox 1754 578 1919 637; x_wconf 88' lang='lat' dir='ltr'>finem</span> 
     </span>
     <span class='ocr_line' id='line_1_6' title="bbox 214 654 1921 730; baseline 0.002 -18"><span class='ocrx_word' id='word_1_37' title='bbox 214 654 471 712; x_wconf 90' lang='lat' dir='ltr'>ultimum</span> <span class='ocrx_word' id='word_1_38' title='bbox 501 655 867 730; x_wconf 80' lang='lat' dir='ltr'>dirigeretur3</span> <span class='ocrx_word' id='word_1_39' title='bbox 904 656 972 714; x_wconf 72' lang='lat' dir='ltr'>ita</span> <span class='ocrx_word' id='word_1_40' title='bbox 1010 654 1297 717; x_wconf 83' lang='lat' dir='ltr'>&amp;infinita</span> <span class='ocrx_word' id='word_1_41' title='bbox 1333 655 1446 730; x_wconf 81' lang='lat' dir='ltr'>ejus</span> <span class='ocrx_word' id='word_1_42' title='bbox 1480 655 1817 729; x_wconf 88' lang='lat' dir='ltr'>providentia</span> <span class='ocrx_word' id='word_1_43' title='bbox 1857 660 1921 716; x_wconf 74' lang='grc' dir='ltr'>δι</span> 
     </span>
     <span class='ocr_line' id='line_1_7' title="bbox 214 730 1924 804; baseline -0.001 -17"><span class='ocrx_word' id='word_1_44' title='bbox 214 731 421 787; x_wconf 84' lang='lat' dir='ltr'>bonitas</span> <span class='ocrx_word' id='word_1_45' title='bbox 459 733 511 786; x_wconf 91' lang='lat' dir='ltr'>in</span> <span class='ocrx_word' id='word_1_46' title='bbox 551 731 656 804; x_wconf 88' lang='lat' dir='ltr'>ipsa</span> <span class='ocrx_word' id='word_1_47' title='bbox 707 734 971 789; x_wconf 79' lang='lat' dir='ltr'>creatione</span> <span class='ocrx_word' id='word_1_48' title='bbox 1015 731 1228 789; x_wconf 80' lang='lat' dir='ltr'>easdem</span> <span class='ocrx_word' id='word_1_49' title='bbox 1276 731 1417 787; x_wconf 85' lang='lat' dir='ltr'>ideas</span> <span class='ocrx_word' id='word_1_50' title='bbox 1454 730 1630 787; x_wconf 89' lang='lat' dir='ltr'>eidem</span> <span class='ocrx_word' id='word_1_51' title='bbox 1667 746 1924 787; x_wconf 70' lang='lat' dir='ltr'>creaturae</span> 
     </span>
     <span class='ocr_line' id='line_1_8' title="bbox 215 805 1926 882; baseline -0.001 -20"><span class='ocrx_word' id='word_1_52' title='bbox 215 806 454 862; x_wconf 83' lang='lat' dir='ltr'>rationali</span> <span class='ocrx_word' id='word_1_53' title='bbox 489 805 652 862; x_wconf 91' lang='lat' dir='ltr'>veluti</span> <span class='ocrx_word' id='word_1_54' title='bbox 681 807 747 864; x_wconf 86' lang='lat' dir='ltr'>ad</span> <span class='ocrx_word' id='word_1_55' title='bbox 781 809 1070 882; x_wconf 87' lang='lat' dir='ltr'>imaginem</span> <span class='ocrx_word' id='word_1_56' title='bbox 1101 806 1248 863; x_wconf 88' lang='lat' dir='ltr'>suam</span> <span class='ocrx_word' id='word_1_57' title='bbox 1301 805 1527 862; x_wconf 86' lang='lat' dir='ltr'>conditae</span> <span class='ocrx_word' id='word_1_58' title='bbox 1563 807 1926 862; x_wconf 85' lang='lat' dir='ltr'>communica-</span> 
     </span>
     <span class='ocr_line' id='line_1_9' title="bbox 216 879 1926 958; baseline 0 -21"><span class='ocrx_word' id='word_1_59' title='bbox 216 883 334 943; x_wconf 87' lang='lat' dir='ltr'>vit,</span> <span class='ocrx_word' id='word_1_60' title='bbox 359 899 420 938; x_wconf 85' lang='lat' dir='ltr'>ac</span> <span class='ocrx_word' id='word_1_61' title='bbox 451 882 706 955; x_wconf 78' lang='lat' dir='ltr'>impressit</span> <span class='ocrx_word' id='word_1_62' title='bbox 725 920 743 946; x_wconf 85' lang='lat'>‚</span> <span class='ocrx_word' id='word_1_63' title='bbox 794 900 894 956; x_wconf 86' lang='lat' dir='ltr'>per</span> <span class='ocrx_word' id='word_1_64' title='bbox 926 899 1057 958; x_wconf 82' lang='lat' dir='ltr'>quas</span> <span class='ocrx_word' id='word_1_65' title='bbox 1089 899 1201 938; x_wconf 79' lang='lat' dir='ltr'>non</span> <span class='ocrx_word' id='word_1_66' title='bbox 1249 879 1455 938; x_wconf 76' lang='lat' dir='ltr'>tantum</span> <span class='ocrx_word' id='word_1_67' title='bbox 1491 880 1723 936; x_wconf 89' lang='lat' dir='ltr'>eundem</span> <span class='ocrx_word' id='word_1_68' title='bbox 1744 895 1750 902; x_wconf 78' lang='grc'>’</span> <span class='ocrx_word' id='word_1_69' title='bbox 1773 879 1926 938; x_wconf 84' lang='lat' dir='ltr'>velut</span> 
     </span>
     <span class='ocr_line' id='line_1_10' title="bbox 216 954 1927 1030; baseline -0.002 -15"><span class='ocrx_word' id='word_1_70' title='bbox 216 956 527 1015; x_wconf 84' lang='lat' dir='ltr'>Authorem</span> <span class='ocrx_word' id='word_1_71' title='bbox 564 955 721 1014; x_wconf 84' lang='lat' dir='ltr'>suum</span> <span class='ocrx_word' id='word_1_72' title='bbox 756 962 821 1018; x_wconf 85' lang='lat'>&amp;</span> <span class='ocrx_word' id='word_1_73' title='bbox 854 957 1016 1014; x_wconf 87' lang='lat' dir='ltr'>finem</span> <span class='ocrx_word' id='word_1_74' title='bbox 1051 957 1302 1013; x_wconf 88' lang='lat' dir='ltr'>ultimum</span> <span class='ocrx_word' id='word_1_75' title='bbox 1338 955 1680 1030; x_wconf 87' lang='lat' dir='ltr'>agnosceret,</span> <span class='ocrx_word' id='word_1_76' title='bbox 1728 954 1927 1012; x_wconf 76' lang='lat' dir='ltr'>verum</span> 
     </span>
    </p>
   </div>
   <div class='ocr_carea' id='block_1_3' title="bbox 216 1031 1928 1182">
    <p class='ocr_par' dir='ltr' id='par_1_3' title="bbox 216 1031 1928 1182">
     <span class='ocr_line' id='line_1_11' title="bbox 218 1031 1928 1105; baseline 0.001 -17"><span class='ocrx_word' id='word_1_77' title='bbox 218 1035 376 1088; x_wconf 88' lang='lat' dir='ltr'>etiam</span> <span class='ocrx_word' id='word_1_78' title='bbox 399 1050 491 1094; x_wconf 87' lang='lat' dir='ltr'>eo,</span> <span class='ocrx_word' id='word_1_79' title='bbox 515 1048 638 1105; x_wconf 59' lang='lat' dir='ltr'>quo&gt;</span> <span class='ocrx_word' id='word_1_80' title='bbox 657 1031 804 1095; x_wconf 88' lang='lat' dir='ltr'>vult,</span> <span class='ocrx_word' id='word_1_81' title='bbox 827 1032 997 1090; x_wconf 89' lang='lat' dir='ltr'>modo</span> <span class='ocrx_word' id='word_1_82' title='bbox 1025 1032 1347 1096; x_wconf 85' lang='lat' dir='ltr'>amandum,</span> <span class='ocrx_word' id='word_1_83' title='bbox 1367 1031 1722 1089; x_wconf 88' lang='lat' dir='ltr'>metuendum</span> <span class='ocrx_word' id='word_1_84' title='bbox 1749 1036 1810 1092; x_wconf 75' lang='grc' dir='ltr'>ὅτ.</span> <span class='ocrx_word' id='word_1_85' title='bbox 1834 1048 1928 1096; x_wconf 75' lang='grc' dir='ltr'>εο-ι</span> 
     </span>
     <span class='ocr_line' id='line_1_12' title="bbox 216 1105 1549 1182; baseline 0.002 -19"><span class='ocrx_word' id='word_1_86' title='bbox 216 1106 444 1166; x_wconf 89' lang='lat' dir='ltr'>lendum</span> <span class='ocrx_word' id='word_1_87' title='bbox 480 1105 583 1163; x_wconf 81' lang='lat' dir='ltr'>effe</span> <span class='ocrx_word' id='word_1_88' title='bbox 612 1107 946 1182; x_wconf 83' lang='lat' dir='ltr'>intelligeret.</span> <span class='ocrx_word' id='word_1_89' title='bbox 1545 1119 1549 1131; x_wconf 69' lang='lat'><strong>⁴</strong></span> 
     </span>
    </p>
   </div>
   <div class='ocr_carea' id='block_1_4' title="bbox 219 1249 1931 2158">
    <p class='ocr_par' dir='ltr' id='par_1_4' title="bbox 219 1249 1931 2158">
     <span class='ocr_line' id='line_1_13' title="bbox 365 1249 1925 1320; baseline 0 -7"><span class='ocrx_word' id='word_1_90' title='bbox 365 1254 459 1314; x_wconf 91' lang='lat' dir='ltr'>VI.</span> <span class='ocrx_word' id='word_1_91' title='bbox 515 1257 884 1314; x_wconf 88' lang='lat' dir='ltr'>Veruntamen</span> <span class='ocrx_word' id='word_1_92' title='bbox 932 1270 1138 1314; x_wconf 91' lang='lat' dir='ltr'>certum</span> <span class='ocrx_word' id='word_1_93' title='bbox 1185 1257 1340 1315; x_wconf 90' lang='lat' dir='ltr'>illurn</span> <span class='ocrx_word' id='word_1_94' title='bbox 1395 1253 1607 1315; x_wconf 92' lang='lat' dir='ltr'>colendi</span> <span class='ocrx_word' id='word_1_95' title='bbox 1663 1249 1925 1320; x_wconf 87' lang='lat' dir='ltr'>modum,</span> 
     </span>
     <span class='ocr_line' id='line_1_14' title="bbox 221 1331 1927 1407; baseline 0 -20"><span class='ocrx_word' id='word_1_96' title='bbox 221 1346 334 1405; x_wconf 90' lang='lat' dir='ltr'>quo</span> <span class='ocrx_word' id='word_1_97' title='bbox 368 1331 498 1388; x_wconf 88' lang='lat' dir='ltr'>velit</span> <span class='ocrx_word' id='word_1_98' title='bbox 528 1332 628 1389; x_wconf 92' lang='lat' dir='ltr'>coli</span> <span class='ocrx_word' id='word_1_99' title='bbox 663 1333 842 1396; x_wconf 75' lang='lat' dir='ltr'>Deu8‚</span> <span class='ocrx_word' id='word_1_100' title='bbox 873 1350 973 1389; x_wconf 88' lang='lat' dir='ltr'>nec</span> <span class='ocrx_word' id='word_1_101' title='bbox 1009 1333 1130 1407; x_wconf 88' lang='lat' dir='ltr'>ipsae</span> <span class='ocrx_word' id='word_1_102' title='bbox 1165 1333 1249 1390; x_wconf 87' lang='lat' dir='ltr'>hae</span> <span class='ocrx_word' id='word_1_103' title='bbox 1285 1333 1415 1390; x_wconf 85' lang='lat' dir='ltr'>ideae</span> <span class='ocrx_word' id='word_1_104' title='bbox 1451 1332 1759 1390; x_wconf 88' lang='lat' dir='ltr'>hominibus</span> <span class='ocrx_word' id='word_1_105' title='bbox 1790 1331 1927 1387; x_wconf 89' lang='lat' dir='ltr'>divi-</span> 
     </span>
     <span class='ocr_line' id='line_1_15' title="bbox 219 1402 1928 1482; baseline 0.001 -20"><span class='ocrx_word' id='word_1_106' title='bbox 219 1402 362 1464; x_wconf 73' lang='lat' dir='ltr'>nitus</span> <span class='ocrx_word' id='word_1_107' title='bbox 395 1409 714 1482; x_wconf 85' lang='lat' dir='ltr'>participatae</span> <span class='ocrx_word' id='word_1_108' title='bbox 746 1412 809 1467; x_wconf 88' lang='lat'>&amp;</span> <span class='ocrx_word' id='word_1_109' title='bbox 842 1408 1091 1465; x_wconf 86' lang='lat' dir='ltr'>omnibus</span> <span class='ocrx_word' id='word_1_110' title='bbox 1131 1426 1448 1466; x_wconf 88' lang='lat' dir='ltr'>communes</span> <span class='ocrx_word' id='word_1_111' title='bbox 1479 1405 1928 1470; x_wconf 62' lang='lat' dir='ltr'>determinarunti</span> 
     </span>
     <span class='ocr_line' id='line_1_16' title="bbox 221 1477 1927 1557; baseline 0 -19"><span class='ocrx_word' id='word_1_112' title='bbox 221 1477 350 1538; x_wconf 73' lang='lat' dir='ltr'>curn</span> <span class='ocrx_word' id='word_1_113' title='bbox 382 1481 411 1538; x_wconf 68' lang='lat' dir='ltr'>a</span> <span class='ocrx_word' id='word_1_114' title='bbox 440 1482 711 1539; x_wconf 81' lang='lat' dir='ltr'>voluntate</span> <span class='ocrx_word' id='word_1_115' title='bbox 737 1482 838 1539; x_wconf 92' lang='lat' dir='ltr'>Dei</span> <span class='ocrx_word' id='word_1_116' title='bbox 872 1482 1035 1539; x_wconf 67' lang='lat' dir='ltr'>libera</span> <span class='ocrx_word' id='word_1_117' title='bbox 1067 1484 1218 1541; x_wconf 75' lang='lat' dir='ltr'>unice</span> <span class='ocrx_word' id='word_1_118' title='bbox 1257 1485 1509 1557; x_wconf 85' lang='lat' dir='ltr'>pendeat,</span> <span class='ocrx_word' id='word_1_119' title='bbox 1538 1487 1600 1543; x_wconf 86' lang='lat'>&amp;</span> <span class='ocrx_word' id='word_1_120' title='bbox 1628 1481 1720 1556; x_wconf 90' lang='lat' dir='ltr'>ipsi</span> <span class='ocrx_word' id='word_1_121' title='bbox 1757 1498 1822 1538; x_wconf 87' lang='lat' dir='ltr'>ex</span> <span class='ocrx_word' id='word_1_122' title='bbox 1844 1485 1927 1538; x_wconf 90' lang='lat' dir='ltr'>in·-</span> 
     </span>
     <span class='ocr_line' id='line_1_17' title="bbox 221 1555 1928 1634; baseline 0.001 -21"><span class='ocrx_word' id='word_1_123' title='bbox 221 1559 460 1614; x_wconf 85' lang='lat' dir='ltr'>numeris</span> <span class='ocrx_word' id='word_1_124' title='bbox 492 1558 852 1632; x_wconf 85' lang='lat' dir='ltr'>poffibilibus,</span> <span class='ocrx_word' id='word_1_125' title='bbox 883 1576 1123 1633; x_wconf 87' lang='lat' dir='ltr'>quorum</span> <span class='ocrx_word' id='word_1_126' title='bbox 1146 1559 1384 1634; x_wconf 89' lang='lat' dir='ltr'>quolibet</span> <span class='ocrx_word' id='word_1_127' title='bbox 1410 1559 1658 1615; x_wconf 88' lang='lat' dir='ltr'>decenter</span> <span class='ocrx_word' id='word_1_128' title='bbox 1680 1556 1780 1614; x_wconf 87' lang='lat' dir='ltr'>coli</span> <span class='ocrx_word' id='word_1_129' title='bbox 1812 1555 1928 1628; x_wconf 76' lang='lat' dir='ltr'>eius</span> 
     </span>
     <span class='ocr_line' id='line_1_18' title="bbox 220 1632 1930 1707; baseline 0 -19"><span class='ocrx_word' id='word_1_130' title='bbox 220 1633 472 1705; x_wconf 74' lang='lat' dir='ltr'>suprema</span> <span class='ocrx_word' id='word_1_131' title='bbox 509 1633 787 1707; x_wconf 70' lang='lat' dir='ltr'>Maiestas,</span> <span class='ocrx_word' id='word_1_132' title='bbox 825 1650 984 1705; x_wconf 89' lang='lat' dir='ltr'>atque</span> <span class='ocrx_word' id='word_1_133' title='bbox 1024 1634 1090 1690; x_wconf 92' lang='lat' dir='ltr'>ad</span> <span class='ocrx_word' id='word_1_134' title='bbox 1130 1634 1509 1691; x_wconf 87' lang='lat' dir='ltr'>beatitudinem</span> <span class='ocrx_word' id='word_1_135' title='bbox 1549 1633 1642 1688; x_wconf 88' lang='lat' dir='ltr'>sibi</span> <span class='ocrx_word' id='word_1_136' title='bbox 1675 1632 1930 1688; x_wconf 89' lang='lat' dir='ltr'>constitu-</span> 
     </span>
     <span class='ocr_line' id='line_1_19' title="bbox 222 1703 1931 1783; baseline -0.002 -18"><span class='ocrx_word' id='word_1_137' title='bbox 222 1723 333 1765; x_wconf 86' lang='lat' dir='ltr'>tam</span> <span class='ocrx_word' id='word_1_138' title='bbox 370 1708 538 1765; x_wconf 91' lang='lat' dir='ltr'>horno</span> <span class='ocrx_word' id='word_1_139' title='bbox 572 1707 797 1782; x_wconf 85' lang='lat' dir='ltr'>perduci</span> <span class='ocrx_word' id='word_1_140' title='bbox 834 1709 1108 1782; x_wconf 75' lang='lat' dir='ltr'>potuisset,</span> <span class='ocrx_word' id='word_1_141' title='bbox 1130 1727 1301 1766; x_wconf 89' lang='lat' dir='ltr'>unum</span> <span class='ocrx_word' id='word_1_142' title='bbox 1331 1710 1529 1783; x_wconf 87' lang='lat' dir='ltr'>eligere</span> <span class='ocrx_word' id='word_1_143' title='bbox 1559 1708 1787 1763; x_wconf 89' lang='lat' dir='ltr'>liberum</span> <span class='ocrx_word' id='word_1_144' title='bbox 1812 1703 1931 1762; x_wconf 87' lang='lat' dir='ltr'>fue-</span> 
     </span>
     <span class='ocr_line' id='line_1_20' title="bbox 222 1780 1930 1859; baseline -0.002 -20"><span class='ocrx_word' id='word_1_145' title='bbox 222 1784 292 1839; x_wconf 83' lang='lat' dir='ltr'>rit</span> <span class='ocrx_word' id='word_1_146' title='bbox 327 1800 344 1855; x_wconf 84' lang='lat'><em>3</em></span> <span class='ocrx_word' id='word_1_147' title='bbox 435 1783 520 1840; x_wconf 87' lang='lat' dir='ltr'>Ac</span> <span class='ocrx_word' id='word_1_148' title='bbox 551 1783 638 1839; x_wconf 89' lang='lat' dir='ltr'>vel</span> <span class='ocrx_word' id='word_1_149' title='bbox 672 1783 774 1839; x_wconf 88' lang='lat' dir='ltr'>sola</span> <span class='ocrx_word' id='word_1_150' title='bbox 808 1783 926 1846; x_wconf 86' lang='lat' dir='ltr'>illa,</span> <span class='ocrx_word' id='word_1_151' title='bbox 961 1802 1127 1859; x_wconf 89' lang='lat' dir='ltr'>quam</span> <span class='ocrx_word' id='word_1_152' title='bbox 1159 1784 1396 1841; x_wconf 86' lang='lat' dir='ltr'>mundus</span> <span class='ocrx_word' id='word_1_153' title='bbox 1430 1784 1639 1857; x_wconf 88' lang='lat' dir='ltr'>semper</span> <span class='ocrx_word' id='word_1_154' title='bbox 1673 1784 1726 1836; x_wconf 91' lang='lat' dir='ltr'>in</span> <span class='ocrx_word' id='word_1_155' title='bbox 1762 1780 1812 1837; x_wconf 89' lang='lat' dir='ltr'>se</span> <span class='ocrx_word' id='word_1_156' title='bbox 1845 1780 1930 1837; x_wconf 67' lang='lat' dir='ltr'>di-</span> 
     </span>
     <span class='ocr_line' id='line_1_21' title="bbox 224 1856 1931 1933; baseline 0.001 -22"><span class='ocrx_word' id='word_1_157' title='bbox 224 1857 397 1913; x_wconf 80' lang='lat' dir='ltr'>sciffus</span> <span class='ocrx_word' id='word_1_158' title='bbox 430 1856 727 1931; x_wconf 86' lang='lat' dir='ltr'>conspexit,</span> <span class='ocrx_word' id='word_1_159' title='bbox 758 1859 1154 1915; x_wconf 89' lang='lat' dir='ltr'>innumerabilis</span> <span class='ocrx_word' id='word_1_160' title='bbox 1192 1860 1526 1933; x_wconf 87' lang='lat' dir='ltr'>Religionum</span> <span class='ocrx_word' id='word_1_161' title='bbox 1565 1856 1831 1913; x_wconf 78' lang='lat' dir='ltr'>diversitas</span> <span class='ocrx_word' id='word_1_162' title='bbox 1868 1873 1931 1913; x_wconf 85' lang='lat' dir='ltr'>ac</span> 
     </span>
     <span class='ocr_line' id='line_1_22' title="bbox 224 1931 1929 2009; baseline 0 -23"><span class='ocrx_word' id='word_1_163' title='bbox 224 1935 446 1988; x_wconf 87' lang='lat' dir='ltr'>varietas</span> <span class='ocrx_word' id='word_1_164' title='bbox 496 1932 794 1988; x_wconf 90' lang='lat' dir='ltr'>luculenter</span> <span class='ocrx_word' id='word_1_165' title='bbox 844 1933 1101 1996; x_wconf 85' lang='lat' dir='ltr'>testatur,</span> <span class='ocrx_word' id='word_1_166' title='bbox 1149 1952 1271 2009; x_wconf 85' lang='lat' dir='ltr'>quae</span> <span class='ocrx_word' id='word_1_167' title='bbox 1318 1950 1504 1989; x_wconf 89' lang='lat' dir='ltr'>omnes</span> <span class='ocrx_word' id='word_1_168' title='bbox 1543 1931 1635 1988; x_wconf 87' lang='lat' dir='ltr'>fibi</span> <span class='ocrx_word' id='word_1_169' title='bbox 1670 1933 1929 1994; x_wconf 86' lang='lat' dir='ltr'>invicem,</span> 
     </span>
     <span class='ocr_line' id='line_1_23' title="bbox 226 2004 1929 2081; baseline 0.002 -21"><span class='ocrx_word' id='word_1_170' title='bbox 226 2006 500 2081; x_wconf 83' lang='lat' dir='ltr'>pleraeque</span> <span class='ocrx_word' id='word_1_171' title='bbox 541 2009 698 2063; x_wconf 90' lang='lat' dir='ltr'>etiam</span> <span class='ocrx_word' id='word_1_172' title='bbox 733 2004 828 2079; x_wconf 86' lang='lat' dir='ltr'>ipsi</span> <span class='ocrx_word' id='word_1_173' title='bbox 867 2007 996 2062; x_wconf 87' lang='lat' dir='ltr'>sanae</span> <span class='ocrx_word' id='word_1_174' title='bbox 1045 2011 1231 2064; x_wconf 89' lang='lat' dir='ltr'>rationi</span> <span class='ocrx_word' id='word_1_175' title='bbox 1266 2007 1295 2063; x_wconf 82' lang='grc' dir='ltr'>ὲ</span> <span class='ocrx_word' id='word_1_176' title='bbox 1332 2007 1592 2063; x_wconf 88' lang='lat' dir='ltr'>diametro</span> <span class='ocrx_word' id='word_1_177' title='bbox 1641 2004 1929 2080; x_wconf 81' lang='lat' dir='ltr'>oppofitae,</span> 
     </span>
     <span class='ocr_line' id='line_1_24' title="bbox 227 2079 1815 2158; baseline 0 -21"><span class='ocrx_word' id='word_1_178' title='bbox 227 2098 389 2158; x_wconf 88' lang='lat' dir='ltr'>atque</span> <span class='ocrx_word' id='word_1_179' title='bbox 421 2098 516 2139; x_wconf 87' lang='lat' dir='ltr'>aut</span> <span class='ocrx_word' id='word_1_180' title='bbox 541 2082 661 2139; x_wconf 90' lang='lat' dir='ltr'>Deo</span> <span class='ocrx_word' id='word_1_181' title='bbox 691 2098 781 2138; x_wconf 88' lang='lat' dir='ltr'>aut</span> <span class='ocrx_word' id='word_1_182' title='bbox 814 2080 1034 2138; x_wconf 89' lang='lat' dir='ltr'>homine</span> <span class='ocrx_word' id='word_1_183' title='bbox 1066 2082 1299 2155; x_wconf 73' lang='lat' dir='ltr'>indignae</span> <span class='ocrx_word' id='word_1_184' title='bbox 1333 2082 1452 2140; x_wconf 89' lang='lat' dir='ltr'>sunt</span> <span class='ocrx_word' id='word_1_185' title='bbox 1483 2088 1544 2143; x_wconf 90' lang='lat'>&amp;</span> <span class='ocrx_word' id='word_1_186' title='bbox 1577 2079 1815 2139; x_wconf 88' lang='lat' dir='ltr'>fuerunt.</span> 
     </span>
    </p>
   </div>
   <div class='ocr_carea' id='block_1_5' title="bbox 228 2228 1930 2664">
    <p class='ocr_par' dir='ltr' id='par_1_5' title="bbox 228 2228 1930 2663">
     <span class='ocr_line' id='line_1_25' title="bbox 382 2228 1929 2305; baseline 0.001 -18"><span class='ocrx_word' id='word_1_187' title='bbox 382 2231 525 2288; x_wconf 80' lang='lat' dir='ltr'>Vll.</span> <span class='ocrx_word' id='word_1_188' title='bbox 555 2229 757 2305; x_wconf 90' lang='lat' dir='ltr'>Neque</span> <span class='ocrx_word' id='word_1_189' title='bbox 785 2232 956 2293; x_wconf 89' lang='lat' dir='ltr'>enim,</span> <span class='ocrx_word' id='word_1_190' title='bbox 995 2232 1200 2287; x_wconf 87' lang='lat' dir='ltr'>attentis</span> <span class='ocrx_word' id='word_1_191' title='bbox 1228 2228 1369 2286; x_wconf 87' lang='lat' dir='ltr'>hisce</span> <span class='ocrx_word' id='word_1_192' title='bbox 1410 2228 1703 2288; x_wconf 56' lang='lat' dir='ltr'>intellectus</span> <span class='ocrx_word' id='word_1_193' title='bbox 1736 2229 1929 2288; x_wconf 89' lang='lat' dir='ltr'>huma-</span> 
     </span>
     <span class='ocr_line' id='line_1_26' title="bbox 228 2305 1930 2382; baseline 0 -18"><span class='ocrx_word' id='word_1_194' title='bbox 228 2309 280 2364; x_wconf 91' lang='lat' dir='ltr'>ni</span> <span class='ocrx_word' id='word_1_195' title='bbox 314 2307 594 2382; x_wconf 86' lang='lat' dir='ltr'>angustiis,</span> <span class='ocrx_word' id='word_1_196' title='bbox 631 2305 823 2363; x_wconf 68' lang='lat' dir='ltr'>attenta</span> <span class='ocrx_word' id='word_1_197' title='bbox 853 2306 1176 2378; x_wconf 78' lang='lat' dir='ltr'>iudiciorum</span> <span class='ocrx_word' id='word_1_198' title='bbox 1211 2323 1270 2361; x_wconf 90' lang='lat' dir='ltr'>ac</span> <span class='ocrx_word' id='word_1_199' title='bbox 1314 2306 1651 2363; x_wconf 81' lang='lat' dir='ltr'>confiliorum</span> <span class='ocrx_word' id='word_1_200' title='bbox 1703 2307 1930 2364; x_wconf 87' lang='lat' dir='ltr'>Divino-</span> 
     </span>
     <span class='ocr_line' id='line_1_27' title="bbox 229 2380 1928 2456; baseline 0 -18"><span class='ocrx_word' id='word_1_201' title='bbox 229 2401 354 2438; x_wconf 89' lang='lat' dir='ltr'>rum</span> <span class='ocrx_word' id='word_1_202' title='bbox 392 2380 788 2455; x_wconf 84' lang='lat' dir='ltr'>profunditate,</span> <span class='ocrx_word' id='word_1_203' title='bbox 819 2382 1139 2438; x_wconf 59' lang='lat' dir='ltr'>consideratii</span> <span class='ocrx_word' id='word_1_204' title='bbox 1167 2381 1568 2453; x_wconf 87' lang='lat' dir='ltr'>mysteriorum,</span> <span class='ocrx_word' id='word_1_205' title='bbox 1589 2381 1653 2438; x_wconf 92' lang='lat' dir='ltr'>ad</span> <span class='ocrx_word' id='word_1_206' title='bbox 1681 2400 1801 2456; x_wconf 83' lang='lat' dir='ltr'>quae</span> <span class='ocrx_word' id='word_1_207' title='bbox 1831 2398 1928 2455; x_wconf 89' lang='lat' dir='ltr'>per</span> 
     </span>
     <span class='ocr_line' id='line_1_28' title="bbox 230 2455 1928 2532; baseline 0 -20"><span class='ocrx_word' id='word_1_208' title='bbox 230 2457 376 2512; x_wconf 59' lang='lat' dir='ltr'>actus</span> <span class='ocrx_word' id='word_1_209' title='bbox 410 2458 688 2530; x_wconf 84' lang='lat' dir='ltr'>Religionis</span> <span class='ocrx_word' id='word_1_210' title='bbox 718 2456 830 2513; x_wconf 89' lang='lat' dir='ltr'>fieri</span> <span class='ocrx_word' id='word_1_211' title='bbox 861 2455 1027 2532; x_wconf 84' lang='lat' dir='ltr'>poffet</span> <span class='ocrx_word' id='word_1_212' title='bbox 1059 2461 1120 2517; x_wconf 86' lang='lat'>&amp;</span> <span class='ocrx_word' id='word_1_213' title='bbox 1153 2458 1348 2530; x_wconf 82' lang='lat' dir='ltr'>requiri</span> <span class='ocrx_word' id='word_1_214' title='bbox 1382 2456 1598 2519; x_wconf 80' lang='lat' dir='ltr'>allusi0‚</span> <span class='ocrx_word' id='word_1_215' title='bbox 1629 2457 1928 2513; x_wconf 88' lang='lat' dir='ltr'>multitudi-</span> 
     </span>
     <span class='ocr_line' id='line_1_29' title="bbox 232 2530 1928 2663; baseline 0.001 -76"><span class='ocrx_word' id='word_1_216' title='bbox 232 2548 331 2596; x_wconf 90' lang='lat' dir='ltr'>ne,</span> <span class='ocrx_word' id='word_1_217' title='bbox 365 2549 423 2589; x_wconf 89' lang='lat' dir='ltr'>ac</span> <span class='ocrx_word' id='word_1_218' title='bbox 455 2532 785 2607; x_wconf 87' lang='lat' dir='ltr'>poffibilitate</span> <span class='ocrx_word' id='word_1_219' title='bbox 805 2570 826 2598; x_wconf 90' lang='lat'>‚</span> <span class='ocrx_word' id='word_1_220' title='bbox 862 2532 1084 2609; x_wconf 70' lang='lat' dir='ltr'>speEtata</span> <span class='ocrx_word' id='word_1_221' title='bbox 1115 2530 1372 2590; x_wconf 67' lang='lat' dir='ltr'>immensa</span> <span class='ocrx_word' id='word_1_222' title='bbox 1413 2533 1724 2607; x_wconf 90' lang='lat' dir='ltr'>opinionum</span> <span class='ocrx_word' id='word_1_223' title='bbox 1753 2533 1807 2663; x_wconf 60' lang='lat' dir='ltr'>gi</span> <span class='ocrx_word' id='word_1_224' title='bbox 1839 2548 1928 2588; x_wconf 88' lang='lat' dir='ltr'>re·-</span> 
     </span>
    </p>

    <p class='ocr_par' dir='ltr' id='par_1_6' title="bbox 1795 2622 1927 2664">
     <span class='ocr_line' id='line_1_30' title="bbox 1795 2622 1927 2664; baseline 0 0"><span class='ocrx_word' id='word_1_225' title='bbox 1795 2622 1856 2664; x_wconf 85' lang='lat' dir='ltr'>us</span> <span class='ocrx_word' id='word_1_226' title='bbox 1916 2649 1927 2658; x_wconf 32' lang='lat'>1.</span> 
     </span>
    </p>
   </div>
  </div>
 </body>
</html>
