2144 2852
748 195 924 276 ᾣῆὲέ*
967 198 1072 273 >⁷0
1108 199 1137 274 (
1179 195 1369 275 ᾳὲῡέῠ·
1839 212 1911 272 19

196 326 279 384 dae
316 326 440 383 fidei
473 325 704 400 palaestra
740 346 987 386 exercere
1032 327 1108 386 fas
1145 329 1252 392 est,
1278 327 1559 404 quomodo
1594 327 1742 386 stabit
1778 325 1911 385 fides

194 405 450 476 supremo
462 403 561 458 Dei
585 402 843 462 afferentis
868 423 927 461 ac
954 404 1229 462 revelantis
1245 404 1571 478 Religionem
1597 405 1903 478 Magisterio

198 479 421 536 debita?
494 478 563 534 Et
598 480 740 536 certe
774 481 875 553 jam
913 479 1073 536 fidem
1107 480 1387 554 perdidiffe
1414 481 1653 543 videtur,
1686 482 1779 554 qui
1806 480 1905 536 du-

197 556 365 611 bitare
396 558 586 628 coepit,
617 573 748 611 num
791 554 909 611 falsa
936 556 1142 618 credat,
1165 572 1231 612 an
1267 574 1391 612 vera
1422 556 1444 613 ἓ
1484 572 1643 630 atque
1672 556 1867 612 idcirco
1886 593 1905 619 ,

197 628 260 686 fit
299 632 352 686 in
386 645 489 703 cap.
512 651 548 684 J.
570 630 630 684 de
657 631 914 686 Haereticis
952 631 1178 687 habetur
1201 668 1218 693 ,
1250 631 1443 687 dubius
1469 634 1522 688 in
1546 631 1651 688 fide
1682 631 1904 689 infidelis

198 706 288 761 est.
406 704 655 762 Admiffis
685 706 1109 763 dubitationibus
1133 706 1497 780 expendendae
1539 724 1698 763 erunt
1738 707 1903 764 causae

201 780 476 836 dubitandi
507 816 526 843 ‚
559 797 720 852 atque
770 781 837 837 ita
874 783 1090 838 arbitrio
1125 781 1219 837 suo
1259 782 1583 854 Religionem
1619 800 1678 838 ac
1707 781 1906 846 fidem,

201 860 264 916 &
298 873 423 911 cum
461 855 558 911 hac
604 874 854 912 aeternam
904 858 1003 912 Dei
1039 859 1313 913 veritatem
1349 857 1620 913 submittet
1660 859 1792 914 ratio
1828 861 1908 915 in-

198 930 351 987 firma
383 948 445 986 ac
479 931 697 990 debilis,
734 931 884 1006 quod
919 932 1349 1004 est-Majestatem
1388 932 1669 1005 Religionis
1700 949 1758 989 ac
1782 931 1907 990 fidei

197 1005 412 1061 violare.
488 1005 620 1061 Inde
655 1007 931 1063 dubitandi
963 1025 1130 1063 artem
1170 1007 1423 1078 Religioni
1457 1025 1514 1063 ac
1566 1007 1687 1063 fidei
1729 1008 1906 1082 capel]-

199 1080 368 1136 sendae
395 1081 581 1137 utilem
606 1081 810 1143 dicere,
835 1082 1058 1157 perinde
1076 1082 1177 1138 effe
1212 1081 1422 1138 censent
1450 1119 1468 1143 ,
1503 1079 1565 1139 iit
1605 1082 1640 1137 si
1673 1082 1811 1139 dicas
1839 1085 1907 1142 ad

198 1155 531 1212 credendum
565 1157 691 1220 utile
720 1157 850 1220 esse,
872 1175 982 1214 non
1005 1157 1257 1216 credere:
1297 1174 1356 1214 ae
1396 1158 1608 1231 insuper
1633 1158 1764 1214 illud
1789 1159 1908 1233 plu,

199 1233 346 1286 rimis
379 1232 623 1305 perieulis
655 1233 754 1289 efle
789 1233 1113 1296 obnoxium,
1145 1232 1214 1289 fic
1246 1236 1387 1290 enim
1423 1233 1724 1290 infirmitate
1757 1252 1910 1291 men·-

202 1309 266 1362 tis
300 1305 548 1363 humanae
580 1311 887 1382 contingere
919 1307 1096 1383 poffe,
1117 1324 1177 1365 ut
1212 1312 1307 1384 qui
1345 1308 1413 1365 de
1446 1309 1715 1382 Religione
1748 1309 1911 1366 dubi-

203 1397 314 1438 tare
346 1385 534 1456 coepit,
558 1383 801 1440 dubitare
839 1387 890 1439 in
925 1385 1198 1458 posterum
1232 1402 1343 1441 non
1377 1383 1603 1446 defluat,
1633 1400 1721 1440 aut
1750 1387 1908 1441 etiam

199 1455 398 1531 judicio
420 1458 691 1532 deceptus,
710 1463 769 1519 &
789 1460 1078 1530 cupiditate
1106 1462 1157 1516 in
1178 1458 1533 1516 transversum
1557 1459 1701 1515 aEtus
1725 1459 1787 1515 ad
1813 1460 1910 1515 fal-

202 1530 267 1587 sae
284 1533 562 1624 Religionis
587 1535 746 1590 castra
770 1534 992 1592 deficiat.
1049 1536 1248 1591 Rationi
1275 1534 1535 1607 siquidem
1557 1531 1723 1590 feroci
1746 1550 1910 1609 atque

202 1606 498 1664 admodum
512 1610 741 1665 ‘curiosae
771 1609 879 1665 sive
902 1613 1059 1666 etiam
1079 1609 1303 1665 infirmae
1326 1607 1722 1679 nunquamsatis
1746 1606 1906 1682 foret3

202 1698 381 1755 neque
403 1683 505 1737 ulla
529 1701 659 1755 gens
692 1700 797 1738 tam
822 1684 1204 1739 discordiarum
1239 1682 1386 1739 ferax
1417 1681 1516 1737 effe
1539 1681 1908 1755 dignoscatur,

206 1756 370 1830 quam
408 1774 529 1830 quae
564 1759 771 1813 enixam
812 1758 900 1813 dat
935 1770 1155 1831 operam
1194 1758 1429 1820 Criticae‚
1464 1761 1531 1817 δᾶ
1562 1756 1631 1813 de
1659 1758 1911 1816 omnibus

207 1833 444 1894 dubitat,
467 1831 707 1907 nihilque
743 1832 1107 1896 credendum,
1130 1832 1494 1894 sentiendum,
1518 1849 1610 1889 aut
1641 1831 1911 1890 affirman-

209 1905 343 1963 dum
379 1907 552 1969 ducit,
600 1906 693 1963 nisi
726 1907 878 1982 quod
915 1908 991 1963 est
1024 1908 1301 1965 evidenter
1334 1907 1638 1982 probatum.
1754 1909 1915 1966 Unde

209 1981 372 2057 fiquis
404 1985 643 2039 animum
676 1982 746 2039 ita
770 1982 1095 2040 obduratum
1130 1983 1324 2040 deinde
1355 1988 1415 2044 &
1448 1982 1793 2040 obfirmatum
1845 1985 1915 2042 ad

210 2075 395 2114 veram
432 2058 761 2131 Religionem
790 2059 1083 2133 appulerit,
1115 2056 1364 2116 futurum
1401 2058 1579 2131 ajunt,
1614 2075 1673 2115 ut
1705 2057 1914 2132 respuat

208 2131 442 2190 salubres
487 2132 802 2190 san&issimae
851 2133 1108 2191 do&rinae
1152 2134 1320 2196 satus,
1359 2139 1421 2194 δε
1482 2132 1550 2188 fic
1596 2131 1913 2191 foeeundum

213 2207 560 2280 quantumvis
609 2226 668 2264 ac
707 2206 853 2265 ferax
903 2209 1080 2266 semen
1130 2225 1382 2285 tanquam
1433 2211 1486 2263 in
1533 2207 1742 2280 lapideo
1778 2226 1914 2282 agro

210 2281 445 2354 sparsum
480 2282 750 2339 exarescat.
831 2285 1018 2360 Atque
1049 2285 1103 2341 id
1145 2301 1259 2342 toto
1296 2301 1459 2358 opere
1493 2281 1740 2338 adversus
1781 2288 1914 2340 Aca-

214 2358 452 2415 demicos
483 2356 686 2414 sanstus
718 2357 956 2416 Ecclesiae
988 2360 1196 2417 Do&or
1228 2359 1558 2432 Augustinus
1585 2357 1797 2413 videtur
1819 2358 1915 2415 de-

215 2431 536 2491 monstrasse.
611 2432 806 2507 Qid?
845 2435 998 2508 quod
1034 2453 1101 2492 ne
1132 2435 1162 2491 fi
1183 2436 1304 2491 Deo
1331 2432 1551 2506 quidem
1575 2448 1755 2506 petere
1778 2432 1916 2499 licet,

216 2526 288 2570 ut,
313 2508 500 2567 doceat
537 2522 667 2577 1105,
703 2525 768 2567 an
816 2509 1251 2644 Religio,Cquam
1285 2509 1609 2584 iuscepimus
1630 2547 1647 2572 ,
1697 2526 1822 2596 vera
1851 2514 1914 2571 ὃς

1131 2604 1170 2644 2
1718 2599 1841 2642 reti-
