2144 2852
265 197 384 244 212
794 177 971 257 «ἓωέἐ»
1016 179 1044 254 >
1081 197 1120 237 0
1161 180 1193 253 <4
1231 175 1408 256 egeo&

267 325 377 369 tarn
398 310 681 384 pertinent,
692 326 751 367 ac
776 309 931 367 bonis
944 309 1011 367 ab
1034 309 1281 382 eiusdem
1295 307 1674 386 dispensatione
1696 309 1974 385 pendenti-

268 385 373 443 bus
406 387 640 459 privant,
672 401 969 451 exercetur.
1032 385 1170 443 Nec
1208 388 1352 442 enim
1391 385 1591 450 alium,
1625 387 1788 461 quarn
1825 385 1976 458 spiri-

187 517 189 520 .
269 461 464 518 rualem
494 460 737 535 gladium
771 462 826 517 in
860 459 1082 518 Ecclesia
1109 456 1302 518 Christi
1345 462 1563 535 agnovit
1593 462 1648 518 S.
1677 461 1978 536 Cyprianus

267 534 415 610 Epist.
446 538 538 594 62.
567 537 658 592 ubi
683 537 1056 593 vindicativarn
1092 535 1253 608 hujus
1284 536 1596 611 potestatem
1624 553 1690 592 ex
1721 537 1858 611 Jure
1883 538 1976 594 Sa-

266 610 520 667 cerdotali
560 610 793 668 Mosaico
837 613 1053 685 repetit,
1088 609 1315 686 ejusque
1348 608 1695 668 differentiam
1730 611 1979 685 affignat‚

267 685 547 761 inquiens:
584 685 856 749 „Inter-fici
896 687 1042 743 Deus
1074 686 1214 758 juffit
1249 686 1619 744 Sacerdotibus
1650 686 1784 749 suis,
1817 687 1975 760 Jndi-

265 763 452 826 „cibus
483 761 512 817 a
543 759 594 818 se
632 761 697 818 ad
736 778 949 836 tempus
983 762 1313 824 constitutis,
1357 779 1466 818 non
1517 761 1978 836 obtemperantes;

265 836 391 900 „sed
440 852 556 893 tum
595 837 820 911 quidem
870 836 1048 910 gladio
1093 836 1504 900 occidebantur,
1539 836 1759 912 quando
1793 837 1977 895 adhuc

264 916 363 975 »δε
395 911 724 970 circumcisio
761 912 979 969 carnalis
1010 914 1268 970 manebat.
1383 913 1552 969 Nunc
1590 929 1796 974 autern,
1849 914 1976 988 quia

262 986 626 1051 „circumcifio
675 985 949 1061 spiritualis
984 987 1085 1044 esse
1120 987 1265 1061 apud
1304 986 1483 1044 fideles
1519 987 1618 1043 Dei
1658 986 1836 1043 servos
1871 1005 1976 1044 coe-

264 1060 1177 1200 'issssffl'sh'ss‘ifflleffia‘ssff‘ff'a{ffiifilbff
1216 1069 1977 1195 322⁰231÷¹3⁶52v23205353

263 1173 541 1284 {possum
570 1229 696 1267 curn
736 1158 946 1269 D0m¹us
975 1214 1077 1270 Dei
1110 1178 1215 1270 una
1243 1157 1336 1277 551,
1361 1218 1424 1275 &
1455 1229 1620 1270 nemo
1651 1210 1823 1270 salvus
1853 1210 1975 1276 effe,

264 1284 395 1349 „nifi
419 1288 473 1342 in
503 1284 728 1343 Ecclesia
761 1286 934 1360 poffit.

415 1435 509 1493 IX.
549 1435 624 1493 At
655 1434 786 1492 vero
822 1452 994 1509 poenae
1024 1436 1286 1510 eiusmodi
1321 1434 1610 1509 spirituales
1645 1435 1972 1510 plerumque

262 1507 457 1585 parurn
491 1507 766 1567 formidari
806 1511 972 1568 solent
1014 1529 1112 1584 per
1151 1511 1201 1568 se
1248 1513 1408 1587 ipsas,
1443 1511 1537 1569 nisi
1572 1517 1634 1572 &
1668 1508 1975 1583 temporali-

265 1588 367 1644 bus
385 1625 400 1647 ,
428 1585 604 1643 sensus
634 1602 881 1643 externos
911 1589 1078 1661 magis
1115 1585 1493 1651 afficientibus,
1522 1585 1785 1660 adjunctis
1814 1581 1972 1641 fulci·

265 1678 453 1723 antur,
485 1677 775 1735 augeantur
823 1665 885 1721 &
920 1663 1215 1719 reddantur
1253 1661 1712 1719 formidabiliores.
1825 1655 1973 1716 Cum

261 1739 408 1792 enim
437 1753 608 1808 poenae
639 1735 738 1791 illae
770 1736 953 1793 revera
976 1755 1155 1811 poenae
1184 1755 1295 1795 non
1331 1737 1458 1799 sint,
1488 1737 1580 1793 nisi
1618 1739 1709 1799 iis,
1728 1734 1823 1808 qui
1857 1750 1970 1791 eas·

261 1811 387 1868 dem
421 1809 744 1867 formidant:
787 1827 894 1868 tota
929 1829 1143 1869 econtra
1177 1830 1366 1869 earum
1392 1810 1629 1869 formido
1659 1813 1714 1867 in
1738 1809 1841 1866 sola
1865 1807 1972 1866 fide

263 1892 328 1948 ὅ(
386 1885 578 1942 humili
637 1884 991 1943 Authoritatis
1053 1887 1292 1945 Ecclesiae
1341 1889 1635 1944 reverentia
1676 1884 1969 1946 fundetur,

262 1960 509 2035 adeoque
542 1957 786 2016 facillime
817 1977 1226 2019 contemnantur
1266 1961 1336 2018 ab
1369 1964 1459 2025 iis,
1495 1964 1588 2035 qui
1624 1959 1785 2018 semel
1807 1960 1862 2015 in
1884 1972 1970 2014 er·

261 2054 387 2094 rore
422 2034 687 2093 obfirmati
721 2035 881 2109 ipsam
913 2035 1151 2093 Ecclesiae
1188 2036 1560 2093 authoritatem
1593 2036 1971 2110 aspernantur,

262 2130 323 2170 ac
363 2107 604 2167 funditus
629 2150 645 2174 ,
694 2109 918 2179 tuendo,
944 2127 1152 2167 errores
1186 2110 1303 2168 suos
1339 2128 1521 2167 contra
1555 2109 1795 2182 ejusdem
1827 2107 1969 2182 judi-

261 2190 431 2248 cium,
461 2201 750 2257 evertunt3
790 2184 981 2243 merito
1019 2190 1082 2245 &
1122 2185 1467 2258 temporales,
1494 2184 1696 2259 jastura
1722 2182 1969 2240 videlicet

260 2262 557 2322 bonorum,
594 2258 777 2323 famae,
811 2260 1087 2322 libertatis,
1130 2264 1190 2320 &
1222 2261 1374 2318 subin
1407 2263 1528 2318 vitae
1560 2260 1969 2334 adjunguntur,

261 2334 396 2410 quas
426 2333 651 2392 'naturali
689 2352 877 2392 omnes
909 2334 1156 2392 instinst‘u
1191 2335 1479 2410 respuunt,
1511 2338 1697 2393 timent
1744 2350 1808 2390 ac
1843 2349 1964 2405 per·

262 2408 590 2467 horrescunt.
667 2410 736 2467 Et
770 2411 878 2472 his,
909 2408 1103 2465 servata
1133 2410 1341 2484 Justitia
1375 2416 1436 2472 δι
1469 2411 1756 2472 charitate,
1780 2406 1965 2464 sollici—

261 2500 371 2542 tare
405 2485 588 2544 devios
620 2501 711 2544 aut
740 2485 932 2543 alienos
961 2483 992 2542 a
1021 2483 1157 2550 fide,
1185 2503 1253 2545 ne
1280 2490 1339 2546 in
1370 2503 1555 2546 errore
1595 2481 1797 2614 diutigs
1839 2498 1966 2554 per-o

1646 2592 1649 2594 -
1782 2571 1892 2619 ent,
