2144 2852
729 181 905 264 *⁴2⁶
947 183 1048 260 >0
1078 183 1361 273 (ᾗῇ
1798 199 1909 262 159

200 322 502 383 adstrinxit,
530 316 830 393 omnesque
865 316 1152 375 innovandi
1188 320 1295 376 vias
1330 318 1422 376 fibi
1459 315 1746 394 praeclufit3
1778 315 1914 376 dum

200 401 262 457 ea
300 397 352 455 se
382 397 499 470 lege
535 397 698 452 teneri
710 392 927 468 ‚probe
971 393 1250 468 perspicit,
1274 411 1335 453 ut
1372 395 1514 453 nulla
1548 394 1792 452 constitui
1821 393 1916 451 de·

191 475 397 537 beant,
439 486 530 528 aut
570 470 764 545 poffint
805 470 1093 543 dogmata,
1131 469 1225 527 nifi
1256 489 1377 547 quae
1425 472 1492 529 ab
1534 470 1647 546 ipso
1696 468 1913 528 Christo

199 549 459 610 revelata,
490 547 557 604 ab
593 545 857 620 Apostolis
894 546 1065 602 verbo
1116 546 1216 602 Dei
1251 547 1441 622 scripto
1479 552 1541 608 &
1578 545 1774 603 tradito
1829 562 1917 603 ac-

204 643 388 698 cepta,
415 629 477 684 &
511 623 705 696 jugiter
739 621 807 678 ad
848 638 945 677 nos
970 621 1138 696 usque
1173 638 1461 697 propagata
1495 620 1735 681 fuerunt.
1810 621 1927 690 Ce-;

198 701 359 758 lebris
389 701 464 756 est
496 699 579 754 illa
621 699 884 755 Vincentii
916 696 1221 771 Lyrinenfis
1254 699 1506 756 sententia
1541 697 1610 754 ita
1638 697 1707 754 de
1731 696 1914 754 Eccle-

199 777 270 833 sia
304 775 570 833 scribentis
603 790 618 832 ε
652 775 782 831 ,Non
824 792 960 828 nova
978 771 1102 838 fidei
1139 773 1364 846 dogmata
1389 773 1597 844 statuit,
1614 772 1712 845 fi’d
1737 778 1918 830 vetera

200 855 331 908 eruit
357 869 376 910 .·
414 850 621 907 Scilicet
645 866 710 905 ex
731 847 851 922 ipsis
878 849 1044 906 Sacris
1057 849 1368 923 Scripturis‚
1386 849 1784 911 &Traditione
1819 864 1917 922 per

200 928 405 985 teclam
437 928 929 998 interpretationem
955 928 1016 985 &
1035 923 1744 999 argumentationem,velut
1763 921 1793 979 ὲ
1814 922 1918 998 spi-

203 1006 278 1060 cis
298 1019 486 1077 grana,
510 1000 619 1056 suas
657 998 993 1057 definitiones
1041 1004 1279 1064 excutit,
1315 1001 1539 1058 obscura
1575 999 1834 1074 explicat,
1856 1003 1919 1061 &

204 1077 456 1140 adversus
497 1078 766 1148 perversas
806 1081 867 1137 δε
908 1075 1126 1133 finistras
1166 1076 1620 1133 Adversariorum
1657 1077 1917 1149 interpre-

202 1156 425 1211 tationes
454 1150 712 1208 defendit.
783 1151 1042 1209 Doffirina
1073 1154 1216 1209 enim
1250 1152 1280 1209 a
1307 1152 1520 1209 Christo
1557 1150 1774 1214 tradita,
1798 1168 1918 1224 per-

200 1227 366 1290 fec'ca,
394 1243 552 1299 atque
588 1229 793 1301 integra
832 1227 965 1290 fuit,
1003 1233 1064 1289 &
1097 1227 1205 1302 ipse
1229 1230 1446 1291 omnia,
1482 1245 1605 1302 quae
1645 1225 1849 1284 audivit
1887 1224 1918 1283 ἃ

199 1305 390 1367 Patre,
429 1321 552 1359 nota
586 1299 712 1359 fecit
752 1302 1023 1376 Apostolis
1048 1339 1063 1366 ,
1102 1303 1350 1379 juffitque
1388 1302 1679 1377 Apostolos
1720 1302 1918 1359 docere

201 1397 388 1454 gentes
422 1381 630 1439 omnia,
661 1396 1003 1453 quaeeunque
1042 1378 1148 1453 ipse
1186 1379 1560 1451 mandaverat3
1595 1378 1702 1435 fine
1726 1379 1917 1451 impie-

202 1472 308 1513 tate
349 1453 414 1510 ad
451 1454 590 1508 illam
631 1454 830 1527 aliquid
880 1455 1108 1528 adjicere
1147 1472 1258 1511 non
1296 1454 1600 1527 possumus,
1643 1471 1711 1508 ne
1746 1452 1916 1508 veluti

203 1547 447 1587 maneam
483 1534 544 1588 &
570 1526 939 1601 imperfectam
979 1529 1182 1585 temere
1220 1545 1311 1584 aut
1350 1527 1560 1585 incaute
1596 1526 1919 1584 accusemus,

204 1603 337 1661 Inde
372 1603 500 1659 ullas
536 1602 629 1657 fibi
663 1620 825 1658 novas
859 1603 1205 1659 revelationes
1236 1600 1397 1659 factas
1438 1601 1538 1658 effe
1567 1638 1588 1664 ‚
1634 1617 1917 1676 nunquam

201 1676 429 1737 Ecclesia
465 1676 672 1749 jactavit
709 1694 725 1748 ;
764 1676 851 1732 sed
886 1679 1094 1749 praeviis
1140 1678 1413 1750 precibus,
1457 1676 1629 1732 studio
1654 1713 1671 1739 ,
1708 1677 1915 1739 labore,

204 1754 475 1828 frequenti
509 1751 788 1809 collatione
810 1787 828 1813 ,
866 1755 928 1811 &
961 1750 1055 1807 alia
1085 1754 1233 1808 omni
1271 1751 1504 1808 humana
1524 1751 1790 1810 industria
1826 1769 1918 1808 ve-

203 1833 414 1887 ritatem
453 1845 519 1883 ex
557 1827 725 1883 Sacrae
759 1827 1045 1900 Scripturae
1084 1827 1335 1890 oraculis,
1369 1831 1430 1888 &
1471 1827 1792 1884 Traditione
1818 1844 1917 1900 per

205 1903 534 1965 concordem
560 1902 773 1959 Parrum
798 1904 1167 1976 antiquitatem
1190 1901 1424 1959 deducta
1457 1902 1718 1959 scrutatur
1746 1920 1759 1959 ε
1799 1903 1920 1974 Spi-

205 1983 340 2038 ritus
361 1979 491 2035 vero
515 1977 739 2036 Sanctus
766 1976 1061 2035 secundum
1089 1977 1335 2050 promifla
1368 1976 1562 2034 Christi
1597 1977 1807 2051 semper
1828 1976 1919 2034 ad-

202 2053 340 2117 fuit,
372 2071 534 2129 atque
565 2050 848 2110 adfuturus
885 2054 959 2109 est
993 2052 1196 2126 judiciis
1236 2052 1476 2110 Ecclefiae
1506 2090 1524 2115 ,
1573 2070 1700 2109 eum
1750 2054 1812 2109 in-
1858 2050 1918 2121 fi,

206 2147 364 2192 nem,
399 2145 460 2186 ut
492 2129 627 2186 dum
652 2129 820 2187 Sacrae
842 2128 1037 2186 Literae
1077 2134 1137 2190 &
1170 2131 1385 2202 antiqua
1411 2127 1660 2186 Traditio
1695 2127 1915 2202 diligen-

208 2219 291 2262 ter
327 2203 675 2260 consuluntur
698 2240 717 2266 ,
766 2221 896 2260 tunc
943 2206 1302 2279 interpretatio
1336 2202 1513 2266 recta,
1551 2201 1917 2291 ressaquesar-

208 2279 542 2353 gumentatio
573 2279 868 2334 instituatur
888 2315 907 2340 ,
941 2280 1231 2354 nullusque
1269 2296 1420 2335 error
1455 2279 1507 2334 in
1546 2278 1917 2343 easdem'sub-

207 2368 382 2425 repat,
426 2367 587 2425 atque
618 2350 721 2413 ita,
751 2352 903 2426 quod
937 2353 1093 2412 semel
1133 2355 1236 2412 hoc
1271 2355 1525 2410 affistente
1560 2371 1619 2411 ac
1652 2348 1912 2428 d‘'igente

208 2426 527 2504 judicatum,
561 2425 839 2487 definitum
859 2465 879 2494 ,
918 2430 1354 2507 imperatumque
1397 2426 1502 2488 fuit
1522 2470 1539 2496 ,
1573 2428 1691 2507 post
1732 2428 1791 2564 ἐξ
1829 2447 1914 2489 re·-

639 2535 645 2539 ·
1651 2521 1729 2563 tra
1787 2524 1836 2564 a·
