2144 2852
280 233 355 300 34
815 216 1424 302 mathca&

279 355 459 427 cipuas
507 351 713 409 tantum
759 369 911 411 notas
957 350 1390 411 ch'araE‘teristicas
1438 350 1620 428 (ligna
1654 340 1742 408 vel‘
1778 354 1983 410 motiva

279 426 628 486 credibilitatis
664 431 718 485 in
744 429 929 486 scholis
956 429 1254 504 appellant)
1276 427 1584 499 extrinsecas
1616 427 1865 502 quidem,
1889 427 1981 485 sed

278 503 556 578 proposito
589 500 865 562 fortiffime
895 505 1174 578 probando
1205 506 1450 561 omnium
1476 503 1726 561 consensu
1770 504 1985 562 idoneas

276 579 472 636 indicat
527 581 692 636 menti
747 581 1026 644 humanae,
1086 595 1152 636 ex
1203 580 1402 654 quibus
1457 577 1530 635 illi
1591 596 1717 635 vera
1778 579 1979 652 Religio

275 654 383 711 aliis
415 655 666 711 omnibus
711 656 1016 712 ostendatur
1063 653 1340 712 evidenter
1389 653 1724 716 credibilior,.
1762 654 1978 729 qualem

275 728 416 785 illam
442 728 542 785 effe
575 729 802 793 debere,
822 731 1042 805 ipsamet
1066 730 1181 788 sana
1210 733 1341 788 ratio
1364 729 1540 787 dictat.
1611 729 1812 803 Neque
1835 732 1982 786 enim

271 802 422 862 Deus
457 803 784 862 voluntatem
814 805 1132 883 cujusquam
1171 806 1376 880 instigat
1395 838 1410 868 ‚
1442 822 1501 861 ut
1532 821 1770 861 mentem
1800 804 1980 878 jubeat

271 878 495 936 assentiri
531 880 956 944 incredibilibus,
1004 881 1155 958 quod
1195 880 1365 954 ipsum
1400 878 1524 937 effet
1564 880 1706 935 illam
1759 879 1886 936 dare
1924 883 1980 936 in

270 953 734 1087 Iyfirturbationem
766 962 829 1017 &
877 974 1164 1033 angorem,
1195 953 1570 1032 summamque
1606 954 1700 1031 ipsi
1740 957 1852 1013 vim
1884 954 1979 1013 ad-

311 1049 326 1086 1
368 1047 474 1088 ere.
1354 1052 1356 1054 >
1968 1066 1971 1072 ,

401 1178 509 1238 lx:
529 1178 692 1239 Unde
742 1176 923 1256 potius
960 1178 1208 1238 demirari
1241 1179 1355 1239 satis
1387 1198 1496 1239 non
1538 1177 1810 1254 possumus
1842 1176 1974 1236 altis-*⁸-¹

269 1253 463 1334 fimum
494 1256 595 1312 Dei
630 1259 685 1314 in
708 1257 1058 1331 perducendis
1090 1258 1154 1314 ad
1191 1258 1268 1314 sui
1301 1260 1632 1332 agnitionem
1660 1262 1722 1318 &
1762 1255 1974 1313 cultum

268 1329 578 1388 hominibus
617 1332 925 1395 confilium,
946 1337 1008 1392 δῖ.
1034 1333 1330 1390 mirabilem
1367 1331 1487 1389 fidei
1522 1332 1729 1388 Divinae
1759 1347 1976 1387 cecono-

267 1409 463 1470 miam‚
499 1405 650 1482 quod
676 1407 865 1464 scilicet
896 1405 1007 1480 ejus
1037 1406 1315 1482 dogmata,
1348 1407 1593 1480 quamvis
1616 1409 1673 1462 in
1707 1406 1755 1462 se
1784 1405 1975 1461 obsco-.-

265 1496 353 1543 ra‚
382 1483 596 1538 rationis
625 1480 875 1540 humanae
923 1483 1127 1539 viribus
1156 1486 1417 1557 impervia
1456 1487 1517 1543 ὅ(
1552 1483 1722 1538 multo
1772 1482 1973 1554 superi-a

265 1573 357 1613 ora
391 1557 609 1614 existant
638 1573 655 1629 3
693 1557 774 1613 illa
806 1573 981 1615 tamen
1016 1558 1262 1632 stupente
1297 1556 1565 1632 Propheta
1603 1558 1763 1632 Regio
1794 1555 1969 1612 credi-

264 1630 388 1687 bilia
419 1634 574 1688 nimis
609 1637 670 1693 &
706 1630 776 1690 ita
811 1631 1088 1690 evidenter
1121 1632 1387 1690 credibilia
1436 1630 1642 1696 fecerit,
1692 1649 1752 1689 ut
1803 1647 1970 1688 nemo

264 1707 505 1780 prudens
534 1705 777 1764 dubitare
812 1707 995 1782 poffit‚
1023 1726 1084 1765 ea
1107 1707 1355 1766 divinitus
1387 1708 1613 1766 revelata
1643 1706 1774 1770 effe,
1804 1720 1974 1781 atque.r

264 1781 591 1855 prudentem
626 1783 997 1840 credulitatem
1044 1786 1254 1841 mereri.
1363 1784 1568 1845 Scilicet
1602 1800 1670 1840 ne
1707 1782 1971 1839 evidentia

263 1857 482 1930 quidem
507 1856 627 1912 fidei
650 1857 823 1920 deest,
850 1857 887 1913 fi
917 1875 1025 1915 non
1051 1861 1101 1915 in
1132 1859 1292 1916 rebus
1309 1862 1369 1921 &
1392 1859 1683 1932 dogmatis,
1711 1874 1833 1933 quae
1855 1874 1970 1914 crea

263 1931 368 1992 dit,
401 1935 454 1987 in
492 1934 776 1987 momentis
806 1933 972 1994 certe,
997 1935 1194 2008 quibus
1229 1935 1295 1991 ad
1323 1934 1655 1991 credendum
1678 1932 1964 1988 inducitur:

260 2002 389 2062 cum
423 2022 531 2062 tam
567 2022 676 2063 non
715 2005 776 2064 fit
809 2005 1034 2063 dubium
1074 2009 1253 2065 Deum
1290 2007 1390 2065 effe
1421 2008 1692 2069 locutum,
1730 2023 1790 2064 ut
1827 2005 1965 2063 velle

263 2080 507 2138 dubitare
539 2078 806 2139 manifesta
850 2080 909 2138 fit
939 2098 1122 2139 contra
1158 2085 1432 2139 veritatem
1471 2081 1781 2156 perduellio.
1864 2085 1969 2139 Atat

262 2174 370 2231 que
401 2153 469 2214 ita
502 2174 569 2213 ne
594 2157 742 2214 Deus
764 2157 984 2233 quidem
1023 2156 1182 2214 fidem
1215 2160 1295 2213 exi
1338 2159 1376 2214 it
1410 2156 1607 2234 absque
1643 2159 1790 2213 omni
1824 2172 1968 2229 prae-³

261 2235 344 2288 via
377 2235 609 2296 ratione,
640 2232 816 2289 saltem
848 2233 934 2294 ea,
967 2249 1088 2308 quae
1119 2234 1288 2288 extrin
1313 2250 1436 2289 ecus
1469 2231 1748 2290 accersitur
1771 2229 1836 2288 ad
1862 2245 1960 2288 nos

261 2308 328 2363 de
361 2309 564 2364 Divinae
596 2308 928 2366 revelationis
957 2306 1222 2364 existentia
1252 2307 1641 2372 certiorandos‚
1672 2312 1731 2369 &
1761 2299 1825 2363 ad
1858 2306 1969 2363 hu-os

260 2400 471 2438 manam
507 2384 878 2440 authoritatem
914 2383 983 2440 de
1012 2382 1095 2439 ina
1127 2382 1280 2439 nobis
1310 2385 1633 2441 attestantem
1668 2382 1973 2458 dijudicem-²

261 2457 381 2512 dam
417 2463 478 2517 &
513 2458 921 2523 discutiendam,
955 2457 1022 2514 ita
1056 2457 1272 2520 scilicet,
1296 2474 1357 2515 ut
1381 2463 1512 2526 ratio
1544 2460 1962 2518 instrumentum

259 2530 348 2595 fit,
377 2550 488 2590 non
523 2533 670 2592 causa
718 2533 878 2611 fidei3
917 2550 979 2594 ut
1014 2535 1190 2592 obices
1224 2531 1431 2593 tantum
1479 2538 1541 2595 &
1572 2530 1966 2664 impedifindientaz

1127 2642 1136 2652 ι
1831 2623 1878 2663 ei
