2144 2852
741 178 917 260 &53‘
960 181 1055 257 >0
1091 186 1118 261 (
1162 172 1337 264 ᾗῇ
1809 209 1914 265 127

207 322 318 375 non
355 313 533 374 licebit
568 312 837 378 dubitare,
867 330 984 371 eam
1019 315 1121 373 esie
1155 336 1335 376 veram
1372 319 1684 385 Ecclefiam,
1723 339 1786 380 ac·
1819 323 1916 380 Di-

203 397 399 449 vinam.
492 387 562 446 Et
593 390 839 465 quamvis
871 409 930 447 ea
961 391 1209 452 Sanctitas
1244 395 1458 469 prorsus
1490 400 1694 455 interna
1719 397 1814 462 fit,
1854 417 1914 458 ac

200 467 421 527 interius
453 470 510 524 inv
555 470 734 524 animo
770 466 962 530 latens,
996 466 1103 525 fine
1140 471 1247 544 qua
1282 471 1502 546 ipsamet
1541 490 1752 531 externa
1792 493 1913 532 um-

201 545 298 602 bra
334 541 544 618 potius,
577 542 747 606 larva,
779 547 841 603 &
872 539 1169 618 hypocrisis
1208 545 1265 603 sit
1300 546 1685 607 abominanda:
1725 550 1912 607 eadem

200 636 412 683 tamen,
431 622 486 677 in
509 615 785 677 effeffibus
817 617 945 681 suis,
968 623 1197 677 externis
1227 621 1456 680 sensibus
1479 625 1754 688 obviaest,
1774 631 1834 687 &
1858 629 1911 682 in

197 697 742 772 cognitionem‘verae
785 693 1056 759 Ecclesiae,
1090 696 1202 753 imo
1235 697 1392 772 ipsius
1426 698 1699 757 sanfi'titatis
1749 703 1911 759 inter-

197 788 283 830 nae
318 771 536 829 deducit
565 811 578 834 ,
626 767 792 845 prout
824 768 1014 827 scilicet
1053 772 1378 846 potissimum
1420 773 1477 830 se
1509 775 1676 832 exerit
1712 777 1767 832 in
1815 777 1910 833 do-

195 847 513 922 gmatibus‚.
554 864 636 903 uae
659 844 851 908 credit,
884 847 938 901 in
969 851 1273 923 praeceptis,
1307 868 1430 925 quae
1466 851 1664 913 statuit,
1703 852 1755 907 in
1794 870 1909 909 me-

197 924 316 986 diis,
350 941 470 998 quae
528 921 859 979 ubministrat
880 957 898 983 ,
928 925 989 983 &
1012 924 1067 978 in
1104 924 1375 989 moribus,
1406 927 1559 998 queis
1591 928 1737 985 vivit.
1849 928 1907 984 ln

178 999 397 1074 quibus
431 997 683 1055 omnibus
714 995 841 1054 cum
868 996 970 1053 sola
1003 996 1229 1057 Ecclesia
1259 999 1531 1057 Catholica
1553 1018 1663 1074 prae
1687 1001 1907 1077 reliquis

193 1074 443 1133 omnibus
479 1073 643 1130 Seffis
694 1073 794 1129 Dei
827 1071 1146 1131 sanititatem
1183 1074 1429 1150 {iugulari
1467 1075 1706 1150 quodam
1739 1078 1904 1134 modo

195 1152 462 1224 exprimat
495 1153 555 1208 δι
592 1149 860 1211 imitetur,
883 1165 994 1222 prae
1026 1151 1279 1207 omnibus
1303 1168 1525 1227 quoque
1545 1150 1782 1210 divinam
1801 1152 1905 1210 sese

189 1243 352 1302 atque
390 1225 419 1281 a
454 1225 668 1281 Christo
701 1226 1035 1282 constitutam
1065 1226 1303 1284 ostendit.

307 1409 309 1411 μ
352 1375 549 1432 XXIV.
623 1373 880 1431 Dofi'trina
915 1373 1137 1450 quidem
1176 1374 1420 1433 Ecclefiae
1457 1375 1745 1434 Catholicae
1780 1374 1901 1433 Deo

189 1450 306 1508 sane
344 1451 550 1523 integre
586 1450 658 1511 ὅς’
687 1449 966 1523 magnifice
999 1452 1218 1513 tribuit,
1253 1469 1373 1525 quae
1410 1452 1510 1509 Dei
1547 1452 1666 1508 sunt
1698 1487 1716 1514 ‚
1766 1451 1899 1506 nihil

188 1527 316 1582 inde
361 1525 706 1587 subtrahens,
744 1525 872 1593 nihil
910 1525 1173 1582 dissonum
1210 1543 1299 1582 aut
1349 1525 1629 1598 indignum
1667 1542 1765 1580 nec
1801 1534 1899 1597 per

188 1599 623 1675 consequentiam
656 1599 974 1662 attribuens,
1003 1599 1161 1661 nihil,
1191 1599 1342 1673 quod
1380 1599 1538 1656 rectae
1570 1599 1790 1655 rastioni
1817 1617 1898 1654 re-

188 1692 424 1753 pugnat,
461 1673 670 1730 tradens
709 1691 724 1745 ;
762 1674 911 1748 quod
950 1673 1081 1730 vero
1117 1674 1305 1737 docet,
1346 1673 1498 1748 quod
1541 1674 1750 1730 Natura
1789 1690 1897 1730 non

187 1751 500 1826 affequitur‚
547 1765 653 1805 tam
702 1749 776 1804 est
820 1745 1103 1804 conforme
1152 1748 1358 1804 Divinae
1400 1749 1797 1821 magnitudini,
1836 1765 1895 1806 ut

187 1830 204 1886 i
247 1826 324 1890 sa,
352 1843 514 1901 quam
544 1828 598 1881 in
630 1825 689 1880 iis
723 1822 999 1895 credendis
1033 1826 1368 1898 experimur,
1388 1823 1616 1881 arduitas
1651 1822 1756 1880 fide
1775 1823 1894 1880 red-

228 1920 279 1960 at
314 1900 482 1976 magis
519 1900 749 1974 dignum
805 1916 819 1956 2
894 1898 1052 1956 Reae
1102 1905 1163 1961 &
1195 1899 1425 1973 gloriose
1462 1898 1531 1955 de
1566 1898 1683 1954 Deo
1719 1898 1892 1962 sentit,

185 1975 469 2053 magnifice
502 1975 769 2050 loquitur,
803 1973 966 2048 digne
1003 1973 1154 2031 illum
1187 1975 1326 2032 colit.
1419 1975 1469 2030 Si
1505 1991 1635 2047 quas
1668 1973 1800 2031 vero
1836 1977 1891 2031 in

184 2055 327 2127 ejus,
352 2069 475 2110 utut
512 2050 768 2127 puriffimi
803 2046 1058 2124 Spiritus,
1092 2050 1241 2108 cultu
1279 2051 1617 2106 caeremonias
1650 2065 1891 2106 externas

186 2127 461 2190 adhibeat,
495 2144 605 2184 non
638 2126 740 2184 alio
774 2125 883 2182 illas
919 2123 1024 2182 fine
1056 2124 1298 2188 adhibet,
1334 2123 1498 2198 quam
1535 2140 1596 2180 ut
1628 2123 1888 2181 decorum

186 2208 249 2264 &
273 2201 593 2275 majestatem
616 2199 789 2259 cultfis
821 2201 941 2258 Deo
963 2200 1111 2275 digni
1145 2218 1392 2274 augeant,
1419 2200 1703 2256 hominum
1736 2216 1887 2255 men-

183 2296 261 2335 tes
293 2276 360 2333 ad
382 2275 603 2334 coelestia
630 2280 869 2349 erigant,
887 2276 1070 2351 dignas
1093 2277 1211 2334 Deo
1228 2275 1367 2331 ideas
1391 2276 1443 2331 in
1484 2292 1674 2330 eorum
1701 2276 1885 2331 animis

183 2357 440 2412 excitent,
494 2368 553 2407 ac
612 2350 886 2424 ipsammet
917 2351 1103 2427 'usque
1151 2352 1486 2426 juventutem
1526 2349 1643 2405 Deo
1688 2349 1883 2422 magis,

184 2428 349 2503 quam
385 2425 569 2483 saeculo
592 2423 949 2500 praeforment.
1022 2425 1462 2501 Augustissimum
1489 2424 1652 2480 Miffie
1677 2424 1880 2481 Sacrifi-

182 2508 324 2560 cium
339 2502 366 2557 ὃ
380 2501 590 2558 Christo
611 2502 903 2558 institutum
915 2541 928 2564 ‚
940 2507 999 2563 &
1013 2502 1040 2559 fi
1052 2501 1311 2560 Sacrificio
1327 2501 1511 2556 Crucis
1536 2499 1637 2556 solii
1657 2496 1878 2566 offer-en,

183 2579 238 2636 di
257 2579 469 2637 ratione
504 2577 771 2635 diversum
797 2578 1035 2652 quotidie
1070 2578 1188 2653 Deo
1210 2574 1488 2649 immolat3
1527 2594 1625 2633 nec
1659 2573 1878 2707 hlostiam

1713 2668 1805 2708 au-
