2144 2852
791 194 1394 277 wamma&
1897 212 1943 274 9

226 342 342 388 tate·
383 327 458 386 est
492 327 838 404 exequenda,
873 345 934 387 ut
966 328 1197 405 utraque
1220 328 1455 406 potentia
1479 327 1791 407 supremum
1815 328 1936 389 Deo

235 406 554 481 obsequium
587 422 693 462 tam
721 407 990 463 internum
1016 405 1152 468 fide,
1181 406 1301 482 spe,
1323 413 1386 469 &
1415 424 1629 469 amore,
1651 405 1814 481 quam
1844 423 1937 462 ex-

235 496 453 539 ternum
503 481 743 556 ejusdem
777 480 900 538 fidei
948 478 1267 555 profeffione
1305 487 1367 546 &
1404 482 1782 542 mandatorum
1818 482 1936 540 illo-

235 574 361 615 rum
393 557 720 614 Divinorum
750 557 1077 615 observantia
1110 559 1335 633 praestet.

366 709 471 765 XI.
507 706 786 783 Supposita
818 709 1018 781 igitur,
1054 708 1167 766 imo
1200 709 1421 785 probata
1453 706 1710 767 haRenus
1739 706 1940 766 revela·

238 784 395 840 tionis
423 785 630 840 Divinae
664 784 986 847 necestitate,
1017 785 1286 842 existentia
1318 802 1478 861 atque
1509 785 1687 842 indole
1717 785 1824 840 five
1849 802 1940 841 na-

238 858 392 922 tura,
414 859 544 916 ideae
586 859 722 916 circa
760 859 1090 933 Religionem
1126 865 1421 934 generatim
1460 866 1521 921 ὃς
1558 877 1942 934 quamcunque

238 933 418 990 liberae
445 934 546 991 esse
578 952 689 991 non
726 933 952 1009 possunt.
1031 936 1228 993 Sedsea
1262 935 1542 994 necessario
1576 934 1943 1009 amplectenda

236 1011 340 1072 est,
368 1027 533 1084 quarn
571 1009 691 1067 Deo
726 1010 1064 1084 gratam‚‘ab
1112 1009 1289 1087 eoque
1324 1016 1637 1085 imperatam
1676 1009 1944 1067 intellexe-

209 1088 424 1144 irimuS.
501 1085 694 1156 Iniuria
734 1088 875 1141 enim
918 1086 1038 1143 Deo
1069 1085 1248 1150 fieret,
1281 1087 1318 1143 si
1361 1103 1452 1144 aut
1486 1086 1599 1159 ejus
1636 1085 1944 1142 revelationi

239 1160 450 1218 homini
481 1160 595 1218 satis
643 1157 981 1218 manifestatae
1028 1161 1160 1219 fides
1206 1180 1266 1220 ac
1302 1163 1496 1219 mentis
1534 1160 1754 1218 assesssus
1780 1199 1799 1223 ‚
1853 1176 1945 1221 aut

238 1235 498 1294 mandatis
530 1237 830 1294 obedientia
862 1236 1262 1296 detresslaretur.
1336 1239 1506 1295 Inanis
1551 1237 1792 1311 prorsus,
1831 1237 1946 1294 elu-

239 1312 375 1369 soria
407 1329 465 1368 ac
499 1313 644 1369 nulla
675 1312 993 1369 redderetur
1024 1311 1220 1370 Divina
1254 1313 1336 1371 illa
1369 1313 1622 1371 revelatio
1657 1329 1817 1386 atque
1848 1331 1947 1369 vo-

240 1388 440 1450 luntas,
476 1387 513 1444 fi
547 1387 764 1445 cuilibet
797 1388 1029 1445 liberum
1061 1407 1122 1446 ac
1152 1392 1424 1463 integrum
1469 1391 1832 1462 permitteret,
1855 1387 1949 1444 ali-

241 1481 328 1520 am
363 1481 745 1539 quamcunque
785 1464 1105 1539 Religionem
1140 1465 1206 1521 ab
1238 1466 1320 1522 illa
1360 1467 1512 1522 unica
1546 1464 1816 1519 Divinitus
1847 1465 1950 1522 im-

242 1538 425 1613 perata
456 1557 517 1596 ac
552 1539 899 1597 determinata
930 1539 1096 1615 quam
1130 1540 1360 1598 maxime
1400 1539 1660 1597 diversam
1698 1537 1863 1612 sequi.

372 1688 513 1744 XII.
549 1687 699 1744 Deus
730 1688 950 1762 quidem
984 1684 1105 1745 finis
1127 1690 1375 1746 omnium
1405 1688 1627 1745 ultimus
1648 1686 1808 1744 est'&
1830 1702 1951 1744 cen·

248 1779 425 1826 trum,
456 1761 524 1818 ad
559 1779 724 1835 quem
761 1780 948 1818 omnes
983 1763 1237 1827 tendunt,
1277 1764 1365 1821 sed
1404 1764 1556 1821 unica
1597 1761 1805 1820 tantum
1839 1761 1951 1825 vifi,

246 1839 304 1896 id
335 1839 441 1901 est,
473 1837 626 1893 unica
659 1836 865 1894 tantum
897 1838 1207 1896 substantiali
1243 1839 1395 1897 illurn
1424 1838 1631 1896 colendi
1666 1841 1868 1896 ratione
1889 1843 1952 1899 ὅτ.

247 1914 439 1973 norma
477 1913 541 1969 eo
576 1916 857 1986 pervenire
891 1912 1140 1988 possunt,
1177 1913 1304 1971 cum
1338 1912 1556 1990 reliquae
1589 1933 1776 1971 omnes
1823 1915 1952 1971 huic

247 2006 608 2065 repugnantes
642 2007 740 2047 nec
772 1989 800 2045 a
837 1990 953 2046 Deo
985 1990 1259 2055 revelatae,
1290 1990 1534 2066 adeoque
1566 2008 1663 2047 nec
1698 1989 1789 2064 ipsi
1830 2007 1952 2064 gra-

250 2082 316 2123 tae
342 2064 443 2121 esse
477 2079 687 2139 queant.
761 2064 829 2121 Et
870 2064 907 2121 si
931 2082 1322 2129 creaturarum,
1346 2065 1714 2127 metallorum,
1733 2065 1953 2129 florum,

250 2141 568 2202 herbarum,
599 2140 904 2196 animalium
926 2178 945 2203 ‚
993 2140 1277 2199 hominum
1311 2146 1372 2202 ὃς
1403 2141 1703 2214 linguarum
1734 2143 1954 2196 varietas

252 2216 511 2273 infinitam
545 2215 647 2270 Dei
678 2217 1022 2272 commendat
1053 2234 1111 2272 ac
1143 2216 1462 2291 depraedicat
1497 2217 1822 2288 potentiam3
1855 2215 1950 2269 Re-

253 2291 517 2365 ligionum
545 2288 785 2362 plurium
813 2290 1026 2347 econtra
1056 2291 1322 2350 diversitas
1343 2307 1591 2347 aeternam
1615 2289 1714 2344 Dei
1745 2288 1954 2346 destru-

255 2383 369 2423 eret
401 2367 765 2426 veracitatem,
795 2367 1112 2439 Sapientiam
1149 2372 1208 2428 &
1239 2366 1658 2426 Providentiam,
1695 2364 1730 2419 si
1764 2381 1954 2421 omnes

256 2442 366 2499 illas
398 2442 452 2495 in
493 2438 802 2495 substantiali
842 2441 1048 2497 colendi
1086 2442 1264 2501 Deum
1314 2444 1512 2497 ratione
1548 2438 1838 2513 longiffime
1871 2439 1954 2495 di·-

257 2516 555 2592 screpantes
588 2518 656 2579 &t
685 2514 778 2576 fibi
811 2516 1252 2583 contradicentes,
1277 2533 1508 2594 quarum
1538 2532 1644 2574 una
1673 2517 1956 2590 permittit,

1080 2592 1121 2649 B
1744 2606 1882 2666 prae-
