2144 2852
252 187 372 266 9466
800 177 974 258 ‘53³2ssss
1017 178 1047 252 )
1085 179 1187 254 0(
1234 174 1420 256 oga*

255 313 469 371 &arum
507 310 830 367 exercitium
867 308 1136 384 impedire
1173 322 1428 367 tenentur
1437 341 1461 371 ,.
1498 310 1649 383 quia-
1666 305 1963 382 magis-jad

255 387 621 445 lutialiorum
657 383 1002 442 subditorum
1038 383 1498 446 Orthodoxorum
1523 381 1718 445 nocet,-
1741 398 1802 446 ac
1820 380 1965 441 scau*

257 463 444 521 dalum
495 460 848 536 perniciosius
883 462 1027 534 parit
1056 478 1071 532 3
1147 456 1359 536 Justiiis
1394 475 1618 534 quoque
1646 458 1755 515 sine
1789 455 1966 518 dubio

255 537 526 613 impedire
562 534 805 610 possunt,
837 533 1129 609 propterea
1162 533 1314 610 quod
1351 550 1607 591 externus
1637 533 1817 608 cultus
1841 531 1871 589 a
1901 531 1967 597 li·.

254 615 401 678 berae
435 611 731 669 voluntatis
756 610 981 667 arbitrio
1013 609 1261 684 Legibus
1286 609 1541 673 humanis
1569 607 1837 673 obnoxio,
1875 622 1966 674 τω·

256 686 386 766 pius
417 686 653 762 pendeat
684 721 699 748 ,
740 703 934 760 pacem
984 701 1262 742 externam
1304 683 1553 751 Ecclefiae
1591 684 1831 758 Principi
1862 698 1969 750 ,usi

256 763 406 840 quasi
430 760 716 837 Episcopis
740 763 1004 823 externis,
1038 758 1275 816 maxime
1307 759 1743 818 commendatam
1766 753 1970 816 arffiiis

255 838 486 910 afficiat3
513 841 575 898 &
606 836 718 911 ipsa
752 835 1085 911 Reipublicae
1118 833 1361 910 profanae
1393 834 1757 909 tranquillitas
1785 830 1969 891 cultfis

253 915 466 982 eXterni
489 915 696 970 unitate
725 909 1031 987 plurimiim
1056 927 1453 986 promoveatur
1471 945 1485 972 ‚
1501 907 1813 967 diversitate
1832 905 1967 965 vero

253 1007 367 1047 non
403 989 527 1047 leve
560 990 803 1062 patiatur
820 1046 824 1050 ,
843 986 1261 1049 detrimentum,
1285 1000 1379 1043 aut
1414 984 1599 1042 saltem
1632 981 1970 1060 periculum,

256 1066 353 1123 ubi
388 1063 619 1121 coetibus
659 1061 755 1119 vel.
783 1063 1013 1137 privatis
1054 1060 1140 1118 vel
1168 1061 1402 1135 publicis
1432 1060 1622 1123 eadem
1646 1058 1753 1118 sese
1772 1059 1970 1116 exerit..

254 1140 328 1200 Et
361 1138 489 1196 inde
520 1137 633 1211 ipsa
670 1136 780 1211 jam
816 1137 937 1194 Lex
958 1137 1103 1205 XII.
1132 1136 1509 1198 Tabularum,
1560 1153 1685 1210 quae
1716 1150 1784 1191 ex
1827 1135 1964 1197 anti·

253 1215 437 1290 quiori
473 1212 689 1270 Solonis
730 1212 904 1286 Lege
924 1210 1209 1286 desumpta
1247 1208 1426 1268 fuerat
1455 1245 1473 1272 ,
1509 1213 1571 1271 &
1606 1209 1772 1267 hodie
1804 1208 1834 1266 ἢ
1862 1208 1964 1266 Ca-

252 1289 309 1364 io
344 1286 606 1360 exscripta
634 1286 691 1340 in
713 1285 773 1341 L.
793 1286 891 1342 ult.
925 1287 1042 1342 Cod.
1070 1289 1128 1342 de
1159 1286 1378 1356 Collegiis
1401 1301 1577 1347 extat,
1601 1301 1801 1346 coetus,
1832 1300 1960 1340 con-

253 1379 451 1421 ventus
478 1395 493 1423 ,
532 1358 893 1416 fraternitates
915 1395 933 1422 ‚
990 1362 1442 1434 congregationes
1468 1393 1485 1420 ‚
1535 1358 1647 1415 sive
1712 1357 1961 1431 Collegia

252 1440 418 1498 etiam
451 1435 749 1508 Religionis
782 1433 943 1490 causa
977 1433 1365 1508 prohibuerat,
1399 1449 1521 1507 quae
1566 1437 1628 1494 &
1663 1431 1761 1489 sub
1799 1430 1961 1488 Chri-

253 1515 432 1581 stianis
456 1512 784 1574 ‚etiamnum
835 1507 1266 1583 Imperatoribus
1315 1509 1371 1563 in
1411 1506 1576 1563 viridi
1614 1506 1750 1564 adeo
1784 1505 1963 1573 obser-3

254 1588 437 1645 vantia
485 1586 666 1659 viguit
689 1619 706 1648 ,
757 1599 822 1640 ut
870 1601 972 1639 nec
1023 1581 1123 1656 ipsi
1161 1580 1420 1657 Episcopi
1459 1580 1730 1639 Catholici
1762 1579 1970 1656 absque..

250 1660 457 1739 praevifi
491 1659 695 1716 horum
727 1658 1102 1733 permissione,
1135 1656 1422 1718 consensu,
1464 1656 1705 1720 licentia,
1740 1655 1828 1712 vel
1869 1674 1962 1712 au-

253 1738 512 1796 thoritate
548 1737 604 1790 in
643 1734 896 1808 Synodos
928 1735 1081 1791 coire
1112 1735 1392 1807 integrum
1416 1729 1512 1789 sibi
1538 1731 1627 1790 vel
1651 1730 1961 1795 habuerint,

255 1814 344 1872 vel
385 1809 726 1886 sumpserint.

420 1961 550 2018 XX.
597 1957 902 2018 Arbitraria
936 1958 1121 2032 itaque
1152 1957 1475 2032 neutiquam
1510 1956 1586 2013 est
1616 1954 1963 2030 Principibus

254 2036 598 2098 Orthodoxis
645 2031 787 2090 falsae
848 2032 1147 2108 Religionis
1216 2031 1480 2107 cujuseun
1521 2050 1593 2088 ue
1661 2031 1961 2088 tolerantia.

254 2113 448 2174 Unde,
472 2107 726 2186 quamvis
749 2107 989 2165 multum
1021 2105 1352 2182 Reipublicae
1376 2124 1478 2180 pro
1504 2123 1617 2163 anae
1639 2105 1790 2163 utilis
1809 2105 1961 2163 vide-

255 2205 404 2251 atur,
434 2186 530 2244 ubi
561 2200 742 2241 tamen
774 2182 1109 2257 impediendi
1144 2184 1290 2238 vires
1319 2180 1646 2255 suppetunt,
1674 2197 1961 2255 nunquam

257 2264 331 2320 ob
365 2277 711 2338 quaecunque
747 2258 894 2314 bona
928 2256 1249 2331 temporalia
1273 2260 1336 2317 &
1372 2255 1742 2328 emolumenta
1776 2255 1960 2329 politi-

254 2357 345 2400 ca,
380 2352 474 2393 aut
503 2337 665 2391 etiam
699 2349 852 2389 metu
886 2331 1204 2393 mistionis,
1229 2330 1317 2386 vel
1352 2331 1447 2405 spe
1475 2331 1837 2407 acquisitionis
1858 2330 1959 2386 Re·

255 2429 497 2486 gnorum
532 2414 596 2469 &
626 2409 1038 2465 Provinciarum
1069 2408 1171 2462 erit
1208 2405 1555 2480 indulgenda.
1645 2403 1792 2464 Cum
1818 2403 1958 2469 nihil

258 2490 315 2545 in
345 2485 558 2546 mundo
591 2485 727 2542 tanti
760 2482 852 2549 sit,
887 2482 1047 2556 cujus
1081 2483 1239 2540 causa
1268 2481 1480 2556 Religio
1518 2479 1636 2540 tolli
1663 2516 1684 2548 ,
1703 2479 1959 2548 alterari,

1785 2568 1879 2610 aut
