2144 2852
734 193 916 276 ffers
960 199 988 274 >
1024 216 1063 258 0
1098 200 1128 274 (
1172 195 1345 278 &Q
1792 217 1889 277 '97

183 328 316 396 ssnifi
335 366 354 394 ,
379 325 532 404 quod
567 328 620 385 in
651 345 713 386 ea
751 328 1025 405 quaerendi
1059 329 1255 388 modus
1287 331 1473 388 lateret
1511 374 1525 389 .
1561 372 1592 390 .,
1619 372 1637 390 .
1672 372 1690 390 .
1738 330 1890 390 Huic

183 407 384 480 „igitur
417 420 525 461 tam
551 407 766 462 immani
803 403 1139 470 difficultati,
1180 406 1309 463 cum
1344 406 1413 463 de
1446 407 1715 480 Religione
1742 425 1888 481 quae-

182 485 412 546 „rimus‚
451 479 599 536 Deus
638 480 776 537 solus
811 480 1013 536 mederi
1091 482 1224 539 otest
1250 522 1266 545 ‚
1315 501 1482 558 quem
1516 482 1607 538 nisi
1644 486 1704 542 &
1751 481 1888 547 effe,

180 561 283 621 „&
319 555 564 611 humanis
596 555 860 612 mentibus
892 559 1045 630 opitu
1070 559 1141 613 ari
1174 557 1476 625 credimuS,
1511 575 1611 616 nec
1646 574 1888 633 quaerere

180 629 445 707 „quidem
477 630 640 705 ipsam
678 631 1001 706 Religionem
1034 630 1309 691 debemus-

326 781 445 839 ΧΠ.
481 781 580 839 Via
605 779 767 843 vero,
792 798 986 858 praeter
1013 781 1305 847 rationem,
1329 780 1761 845 &immediatam
1786 783 1891 840 Dei

151 911 153 913 ,
182 857 561 914 revelationem
596 856 809 931 singulis
842 856 1075 922 factam,
1112 875 1204 915 aut
1240 860 1508 916 internum
1544 858 1696 915 illum
1731 860 1890 933 Spiri-

183 929 270 987 tfis
299 931 472 989 Sanffl
509 930 744 990 afflatum
766 970 786 997 ,
834 933 938 991 sola
975 935 1130 990 restat
1164 933 1482 999 authoritas,
1518 951 1686 1008 quam
1733 933 1789 990 su
1832 932 1892 991 ra

181 1005 291 1080 jam
319 1006 662 1064 definivimus
711 1026 803 1066 aut
837 1008 1207 1084 descripsimus
1253 1014 1366 1067 vim
1403 1010 1571 1073 illam,
1603 1027 1767 1084 quarn
1837 1027 1894 1066 a-

181 1081 277 1138 bet
310 1082 376 1139 ad
410 1083 605 1157 aliquid
639 1084 1068 1156 persuadendum
1102 1084 1314 1142 alterius
1348 1088 1605 1147 narratio,
1633 1087 1894 1160 interpre-

183 1159 340 1220 tatio,
371 1175 462 1214 aut
494 1159 750 1233 expositio
784 1163 948 1217 menti
1001 1161 1190 1217 nostrae
1223 1164 1645 1228 communicata,
1686 1178 1774 1217 aut
1814 1158 1894 1216 fa·-

182 1249 287 1290 mae
327 1235 540 1291 traditio
589 1252 699 1291 non
738 1238 1015 1292 temeraria
1063 1235 1141 1292 ad
1170 1253 1267 1293 nos
1309 1235 1558 1294 transiens
1593 1253 1691 1310 per
1734 1235 1894 1291 histo·

180 1309 280 1365 rias
309 1327 622 1383 germanas,
658 1327 758 1384 per
794 1311 1020 1388 majores
1055 1316 1118 1372 &
1164 1312 1392 1386 aequales
1432 1312 1636 1368 nostros
1671 1309 1777 1367 fide
1816 1310 1894 1367 di-

180 1399 350 1458 gnos,
388 1384 597 1461 perque
635 1386 728 1443 alia
764 1386 987 1445 humani
1027 1390 1335 1444 commercii
1371 1386 1607 1443 subsidia.
1678 1385 1758 1442 Ex
1794 1384 1894 1443 hac

182 1475 305 1532 quae
343 1463 575 1518 veritatis
611 1464 794 1519 notitia
828 1461 1079 1525 nascitur,
1118 1461 1378 1536 persuasio
1415 1462 1632 1523 dicitur,
1666 1478 1827 1532 atque
1863 1460 1893 1515 a

183 1533 391 1590 scientia
439 1535 781 1610 distinguitur
808 1576 824 1600 ‚
865 1537 981 1610 ejus
1017 1553 1193 1593 tamen
1227 1537 1495 1591 interdum
1532 1536 1786 1608 ponderis
1835 1552 1895 1590 ac

184 1607 395 1664 roboris
444 1610 579 1672 est‚·
607 1626 668 1668 ut
719 1611 1049 1674 firmitatem,
1090 1608 1458 1683 assensumque
1507 1612 1560 1664 in
1618 1607 1894 1666 intellestu

159 1700 294 1740 non
333 1686 598 1740 minorem
639 1685 940 1758 producere
983 1702 1180 1758 queat,
1234 1684 1399 1759 quam
1444 1688 1508 1744 &
1542 1682 1748 1740 scientia
1787 1685 1894 1748 exi-,

181 1774 286 1832 gat.
344 1760 544 1833 Atque
574 1760 630 1815 in
665 1759 931 1834 aliquibus
965 1758 1244 1833 disciplinis
1293 1759 1565 1820 humanis,
1605 1764 1666 1820 Sc
1699 1761 1752 1814 in
1788 1759 1895 1826 Hiq

184 1834 341 1892 storia
374 1832 703 1908 potiffimilrn
759 1835 914 1893 usurn
962 1834 1102 1891 illam
1149 1832 1630 1909 frequentiffimuni
1667 1833 1892 1899 habere,

183 1926 347 1967 nemo
380 1927 490 1967 non
519 1909 709 1984 sentit;
745 1910 859 1968 imo
895 1927 1143 1984 magnam
1180 1927 1289 1970 non
1325 1910 1495 1967 solum
1521 1909 1764 1967 humanae
1797 1909 1894 1967 sci-

188 1987 370 2048 entiae,
394 1985 502 2041 five
539 1985 848 2043 eruditionis
880 2002 1083 2060 partem
1122 1988 1446 2060 perituram,
1469 1984 1554 2043 sed
1588 1988 1742 2041 etiam
1779 1985 1896 2042 infi-

157 2063 291 2116 -nita
325 2061 529 2118 homini
564 2079 724 2137 atque
773 2060 1056 2119 hominum
1107 2063 1352 2135 regimini
1399 2061 1710 2134 impendere
1748 2061 1893 2134 posse

186 2135 580 2200 incommoda,
630 2136 876 2211 prudens.
898 2139 1127 2212 quisque
1165 2137 1334 2211 probe
1371 2135 1645 2208 intelligit3
1689 2136 1724 2191 fi
1761 2135 1893 2193 nihil

188 2208 331 2265 aliud
365 2210 812 2286 credere5quam
846 2212 998 2288 quod
1031 2211 1173 2269 Ratio
1207 2215 1257 2267 in
1285 2211 1333 2267 se
1364 2213 1592 2273 invenit,
1619 2211 1894 2278 vellemus,

190 2287 254 2343 &
284 2283 482 2339 nullam
517 2285 742 2342 aliorum
779 2289 1162 2344 narrationibus
1202 2291 1260 2348 &
1301 2283 1426 2342 fidei
1471 2283 1633 2342 fidem
1674 2286 1895 2346 habere.

189 2375 328 2415 mus·
404 2358 528 2415 Nec
569 2362 744 2416 minor
782 2362 1020 2434 ejusdem
1064 2366 1117 2419 in
1160 2362 1317 2418 rebus
1354 2360 1475 2416 fidei
1517 2365 1577 2422 δι
1614 2362 1894 2436 Religionis

190 2432 461 2490 neceffitas
483 2434 583 2497 est,
619 2431 747 2492 cum
785 2452 893 2495 tota
920 2455 984 2494 ex
1015 2438 1196 2494 auditu
1233 2436 1317 2498 sit,
1349 2440 1411 2497 &
1444 2439 1620 2493 omnia
1653 2437 1765 2512 ejus
1796 2438 1893 2495 do-

192 2524 371 2583 gmata
401 2508 790 2575 totidemtasta
827 2512 941 2575 sint,
964 2514 995 2573 ὃ
1031 2513 1147 2648 [ξο
1185 2511 1446 2577 revelata,
1477 2529 1713 2587 quorum
1755 2516 1893 2575 veri-

412 2636 414 2640 ,
1742 2604 1819 2649 tas
