2144 2852
248 225 369 298 ‘150
804 221 980 303 «ἔξω
1023 224 1056 296 >
1090 240 1128 280 0
1166 225 1195 297 <
1238 216 1414 301 ᾠῷ

251 354 286 411 a·
316 355 437 412 Deo
474 355 760 412 veritatem
795 354 992 413 docere
1025 351 1304 412 desineret.
1401 353 1589 428 Itaque
1626 354 1721 428 qui
1762 370 1957 419 verens

254 445 376 494 tur,
418 449 486 486 ne
523 432 784 503 potestate
821 431 939 500 sua⁴
966 429 1390 491 &authoritate
1423 429 1702 486 Divinitus
1740 445 1958 490 coner&

255 506 368 562 dita
402 524 649 580 unquam
683 506 751 564 ad
790 504 1164 564 inducendum
1198 505 1547 562 mendacium
1571 502 1660 560 illa
1690 501 1962 567 abutatur,

257 581 346 637 vel
385 581 446 639 ea
482 599 542 636 re
581 581 868 644 testantur,
909 581 962 638 se
1000 583 1057 639 in
1096 599 1254 646 eum,
1296 580 1326 638 a
1364 598 1477 655 quo
1515 581 1756 654 regitur,
1795 579 1963 654 Spiri-

254 671 378 715 tum
409 672 522 715 non
561 655 680 719 satis
725 657 963 715 credere.

371 830 373 832 ·
405 806 544 864 VII.
623 804 800 865 Usum
835 804 1007 884 porro
1043 806 1292 882 ejusdem
1346 802 1690 864 authoritatis
1735 798 1967 874 ostendit

257 880 393 957 ipfis·
413 882 811 957 Apostolorum
848 883 1191 958 temporibus
1228 898 1348 940 orta
1384 881 1453 939 de
1489 879 1752 955 legalibus
1788 876 1964 936 Caere-

257 960 458 1015 moniis
494 957 822 1033 disceptatio·
849 975 863 1033 ;
903 977 1124 1035 quaque
1157 958 1369 1015 ratione
1398 958 1578 1031 prima
1624 954 1712 1010 illa
1746 968 1967 1010 contro-r

256 1033 429 1091 versia
465 1033 739 1110 dirempta
777 1035 881 1097 est,
916 1052 984 1092 ex
1016 1053 1081 1092 ea
1106 1036 1164 1091 in
1199 1032 1432 1092 Afflbus
1464 1029 1860 1105 Apostolorum
1882 1043 1964 1082 re-

258 1108 388 1172 lata,
425 1106 533 1186 qua
564 1109 894 1167 authoritate
930 1126 1142 1167 coeterae
1178 1124 1369 1165 omnes
1415 1103 1774 1182 dijudicandae
1801 1120 1863 1160 ac
1903 1099 1963 1156 fi-

258 1184 470 1241 niendae
520 1185 619 1241 sint
638 1221 654 1247 ‚
693 1184 1068 1259 subsequentia
1102 1187 1288 1241 omnia
1328 1182 1516 1240 saecula
1534 1196 1543 1205 ·
1561 1179 1801 1238 didicere
1841 1198 1856 1233 ε
1896 1176 1980 1232 Et·

261 1262 587 1333 quotiescun
626 1277 697 1315 ue
750 1261 891 1315 inter
928 1259 1263 1317 Christianos
1314 1260 1478 1315 etiam
1515 1257 1639 1330 post
1678 1251 1969 1328 Apostolo-

262 1351 391 1391 rum
426 1276 708 1389 discefflum
747 1331 817 1389 de
860 1333 967 1390 fide
1002 1334 1323 1410 quaestiones
1357 1351 1417 1388 ac
1460 1329 1801 1387 dissensiones
1833 1326 1969 1383 exti-

264 1423 448 1465 terunt
478 1443 495 1471 ‚
545 1406 697 1464 suam
731 1406 964 1465 Ecclesia
997 1405 1385 1464 authoritatem
1429 1403 1782 1479 interposuit,
1820 1402 1971 1458 dixe-

262 1499 502 1559 runtque
537 1500 741 1557 congre
782 1483 852 1540 ati
891 1482 1132 1539 Pastores
1161 1480 1455 1557 Apostolos
1495 1479 1659 1536 secuti
1695 1499 1709 1534 z
1793 1473 1972 1554 Wsum

263 1556 327 1632 est
360 1557 583 1632 Spiritui
614 1558 746 1615 Scmc
773 1577 800 1613 ο
840 1558 905 1623 &³
936 1558 1078 1614 nobis
1115 1572 1134 1628 ,⁴
1227 1558 1431 1632 Neque
1464 1553 1626 1612 aliam
1658 1571 1758 1628 per
1787 1553 1972 1610 omnia

264 1634 454 1692 saecula
489 1631 766 1695 Ecclefiae‚
829 1632 958 1691 uam
1001 1631 1317 1709 judicantis,
1345 1629 1779 1704 decidentisque‚
1801 1629 1972 1702 *Sym-

263 1709 393 1767 bola
430 1714 492 1770 &
521 1707 736 1765 decreta
767 1705 803 1764 fi
844 1708 925 1771 ei,
964 1707 1298 1782 morumque
1330 1706 1614 1769 condentis
1650 1703 1829 1761 ideam
1854 1717 1972 1759 om-

266 1788 358 1841 nia
408 1786 517 1840 anti
559 1784 740 1839 uitatis
783 1782 1157 1840 Ecclefiasticae
1207 1795 1565 1839 monumenta
1613 1779 1874 1837 exhibent
1912 1781 1973 1838 &

265 1875 527 1917 common
601 1871 692 1913 ant
715 1890 731 1919 >
781 1873 846 1913 ut
894 1859 1158 1932 exemplis
1197 1857 1298 1914 hac
1350 1860 1406 1914 in
1445 1874 1505 1912 re
1543 1872 1654 1911 tam
1698 1847 1973 1911 manifesta

269 1934 533 1991 inhaerere
563 1932 845 2008 prolixum
876 1933 1067 1996 nimis,
1105 1932 1196 1990 sed
1224 1933 1716 2007 superavacaneum
1747 1926 1970 2005 prorsus

270 2010 539 2067 videatun

399 2159 542 2217 VIII.
600 2154 862 2216 Diversus
896 2172 1077 2216 tamen
1110 2153 1236 2213 usus
1283 2154 1380 2212 iste
1412 2169 1807 2228 nonnunquam
1839 2147 1975 2227 fiiit3

272 2252 372 2290 nec
407 2251 521 2291 uno
562 2234 731 2291 modo
781 2233 932 2290 suam
965 2231 1352 2288 authoritatem
1403 2233 1460 2287 in
1494 2228 1881 2304 cognoscendis
1916 2235 1975 2292 &

273 2308 634 2385 dijudicandis
674 2308 838 2366 rebus
877 2306 1002 2363 fidei
1041 2310 1102 2367 δε
1136 2305 1432 2381 Religionis
1472 2302 1705 2363 Ecclefia
1743 2303 1975 2379 explica-

274 2387 357 2440 vit
388 2405 403 2440 :
481 2385 743 2459 Namque
775 2380 1032 2440 hastenus
1067 2380 1358 2457 aliquando
1394 2399 1496 2456 per
1530 2380 1670 2437 solos
1703 2379 1974 2439 Romanos

273 2457 560 2516 Pontifices
608 2475 712 2533 pro
751 2477 848 2521 eo,
890 2473 1004 2533 quo
1042 2456 1120 2512 illi
1169 2456 1409 2531 gaudent
1459 2456 1516 2513 in
1555 2457 1707 2513 omni
1745 2454 1978 2512 Ecclesia

274 2536 515 2606 primatu
566 2532 791 2593 honoris
834 2538 895 2595 &
944 2531 1314 2595 authoritatis,
1354 2549 1416 2589 ac
1454 2530 1803 2593 incumbente
1854 2528 1976 2614 ipsis

1723 2617 1897 2659 omni-
