2144 2852
764 203 939 285 *ἔραξε
984 209 1153 285 )ο(
1198 207 1371 288 agag,
1809 227 1923 287 119-

199 332 591 410 Apostolorum
628 353 748 395 aevo
783 336 850 396 ad
886 338 991 396 hoc
1019 337 1292 400 decimum
1333 340 1589 399 ofilavum
1612 340 1815 420 usque,
1838 357 1912 400 te-

199 410 274 469 ste
296 410 486 470 eadem
518 411 636 513 ante
670 413 890 490 allegata
924 415 1150 474 historiae
1187 416 1349 484 serie,
1371 434 1677 494 propagata.

353 561 474 619 XV.
512 562 784 621 Christum
820 565 1117 624 Dominum
1159 565 1292 625 vero
1329 566 1659 645 ubique-per
1693 570 1910 626 univer-

195 631 314 690 sum
342 651 604 695 terrarum
617 641 822 697 Orbem
848 639 1119 717 diffusam,
1151 649 1213 705 &
1234 647 1287 700 in
1303 661 1490 701 omnes
1521 662 1708 719 gentes
1731 662 1909 700 exiten-

194 707 302 765 sam
338 713 554 772 voluisse
591 714 737 772 suam
776 716 1094 782 Ecclesiam,
1131 719 1375 794 adeoque
1413 720 1552 776 illam
1582 757 1602 783 ,
1641 739 1762 794 quae
1812 721 1911 776 bac

191 789 548 861 praerogativa'i
579 791 806 864 gaudet,
839 811 1021 851 veram
1054 794 1192 859 effe,
1219 795 1327 870 ipsa
1363 797 1519 851 etiam
1557 796 1763 852 Veteris
1795 796 1909 850 Te-

191 859 434 919 stamenti
467 866 679 923 oracula
717 872 779 929 &
813 871 1105 934 Vaticinia,
1149 890 1213 929 ex
1250 869 1372 945 ipsis
1404 868 1729 946 Judaeorum
1764 870 1909 926 codi-

190 936 342 993 cibus
376 940 632 1013 probata,
674 944 873 1016 quibus
910 946 1102 1021 magna
1145 964 1210 1003 ex
1252 961 1401 1020 parte
1440 945 1746 1002 Christianae
1778 944 1905 1000 Reli·

189 1013 362 1084 gionis
395 1015 618 1074 evidens
655 1019 969 1079 credibilitas
1005 1022 1340 1084 ostenditur,
1375 1022 1670 1078 testantur:
1709 1021 1800 1078 ubi
1832 1022 1910 1076 ni-

189 1086 394 1145 mirum
435 1089 610 1164 palam
649 1091 743 1158 fit,
780 1114 961 1154 veram
1000 1097 1195 1154 Christi
1236 1096 1564 1171 Religionem
1616 1096 1906 1169 praedican-

191 1161 317 1219 dam
351 1165 453 1221 effe
492 1169 545 1222 in
596 1186 785 1228 omnes
813 1188 1028 1247 gentes,
1053 1171 1360 1248 incipiendo
1400 1172 1467 1228 ab
1506 1171 1906 1245 Hierosolyma,

187 1244 250 1300 &
283 1241 337 1295 in
370 1258 589 1299 omnem
616 1261 810 1303 terram
838 1251 1108 1305 exiturum
1139 1249 1240 1305 esse
1273 1247 1671 1323 Apostolorum>
1695 1245 1906 1309 sonum,

187 1321 250 1377 δι
288 1317 339 1372 in
375 1316 504 1374 fines
534 1320 679 1377 orbis
711 1340 865 1379 terrae
904 1325 1066 1381 verba
1103 1342 1321 1382 eorum.
1394 1322 1643 1380 Scholam
1674 1322 1905 1398 proinde

184 1389 640 1468 illamReligionis
679 1397 781 1454 suae
819 1399 1087 1472 publicam
1118 1439 1133 1463 ‚
1186 1400 1294 1456 sive
1331 1398 1614 1456 Ecclesiam
1653 1398 1903 1454 omnibus

184 1467 450 1526 Gentibus
481 1470 768 1543 expolitam
799 1473 900 1530 effe
929 1474 1128 1536 voluit,
1163 1492 1272 1531 non
1304 1477 1359 1531 in
1397 1476 1558 1530 unico
1591 1473 1781 1529 mundi
1813 1489 1903 1527 an-

183 1542 315 1616 gulO
345 1544 673 1608 conclusam,
709 1545 770 1603 ut
802 1551 1085 1624 Synagoga
1121 1548 1350 1605 Mosaica
1384 1546 1588 1610 fuerat,
1631 1564 1753 1620 quae
1790 1563 1902 1603 non

184 1616 414 1683 debebat
449 1616 587 1679 effe,
622 1620 713 1677 nisi
755 1622 947 1679 Schola
980 1627 1183 1697 privata
1220 1621 1543 1696 particularis
1577 1621 1899 1694 Judaeorum

181 1692 492 1764 Religionis,
528 1711 652 1768 quae
687 1695 777 1751 soli
812 1698 1105 1753 Abrabami
1143 1695 1354 1753 familiae
1382 1695 1447 1752 ad
1483 1695 1897 1754 conservandam

181 1766 532 1830 luculentius,
570 1774 632 1829 δε
672 1771 1180 1842 praemonstrandam
1222 1788 1320 1846 per
1357 1773 1525 1827 varias
1558 1775 1896 1828 caeremonias

179 1860 323 1900 verae
358 1841 480 1900 fidei
514 1847 673 1900 etiam
718 1847 770 1901 in
823 1846 976 1920 Lege
1016 1847 1241 1904 Naturae
1275 1846 1381 1903 aliis
1421 1845 1663 1902 revelatae
1703 1849 1895 1904 verita-

179 1934 320 1981 tem,
343 1935 605 1993 praecepta
635 1917 838 1985 fuerat,
857 1940 969 1979 non
998 1939 1177 1981 autem
1209 1923 1539 1997 alienigenis,
1567 1923 1661 1996 qui
1685 1921 1751 1978 ad
1773 1939 1894 1980 ean·

179 1995 307 2052 dem
345 1996 596 2054 accedere
625 1996 845 2071 quidem
884 2015 1157 2071 poterant,
1194 2001 1507 2072 neutiquam
1541 2012 1726 2054 tamen
1743 2014 1893 2055 tene-

178 2070 390 2127 bantur.
464 2072 650 2145 Atque
686 2072 741 2128 id
776 2073 1072 2130 debebatur
1105 2073 1459 2148 magnitudini
1498 2071 1627 2134 Dei,
1658 2075 1790 2147 qui,
1828 2070 1891 2130 iit

178 2161 387 2206 totam,
430 2162 628 2219 quanta
673 2149 780 2210 est,
829 2149 1136 2205 rationalem
1188 2150 1454 2206 Naturam
1504 2147 1569 2202 ad
1621 2146 1887 2206 honorem

177 2221 336 2277 suum
367 2220 639 2290 condidit5
681 2222 751 2279 ita
781 2240 877 2296 par
910 2242 1046 2288 erat,
1075 2228 1233 2282 etiam
1265 2223 1294 2280 a
1330 2240 1437 2279 tota
1471 2221 1706 2295 agnosci,
1740 2227 1800 2283 &
1833 2223 1887 2281 in

179 2294 328 2353 omni
353 2293 421 2348 lin
465 2311 557 2357 ua,
579 2297 631 2350 in
655 2300 802 2353 omni
835 2300 1024 2355 mundi
1058 2318 1238 2376 parte,
1258 2302 1311 2356 in
1333 2302 1482 2354 omni
1507 2298 1739 2355 Natione
1765 2298 1885 2364 effe,

179 2372 274 2448 qui
306 2385 413 2427 eun
454 2385 542 2426 em
575 2387 708 2429 vero
741 2390 801 2431 ac
832 2372 1071 2448 legitimo
1117 2376 1269 2434 cultu
1313 2390 1712 2432 venerarentur.

379 2560 383 2565 .
632 2533 637 2536 ’
817 2565 823 2571 .
1664 2522 1809 2583 XVI.
