2144 2852
258 228 373 293 250
821 212 996 293 *ἕέθῗῧ
1036 213 1065 292 )
1102 234 1141 274 0
1178 216 1207 292 (
1249 211 1423 293 *ff*

268 349 403 414 „nui
440 345 661 404 AEdiles‘
685 346 969 405 consilium
1004 343 1342 418 habuissent}
1379 343 1594 411 neseio,
1621 344 1689 403 an
1719 343 1966 405 suasum!

267 421 507 488 „fuerim
532 457 549 485 ‚
598 424 850 479 omittere
897 419 1084 497 potius
1140 421 1432 500 praevalida
1464 425 1528 483 &
1572 420 1758 479 adulta
1795 423 1930 478 vitia
1947 455 1967 484 ‚

267 497 474 574 „quam
504 496 612 554 hoc
641 495 873 575 assequi,
890 512 952 554 ut
984 495 1166 571 palam
1191 496 1372 560 fieret,
1396 496 1599 572 quibus
1628 495 1847 572 flagitiis
1870 497 1970 554 im·

268 591 483 723 ἴέηἳὶἰὶ
502 571 1329 717 effissssssifioff‘ssssfessffifessssffi
1362 572 1548 704 {aaa
1562 570 1879 722 ‘EQ-1312?
1880 587 1972 707 Ἓξ

269 722 590 799 praevalida,
628 724 824 797 populi
859 722 1028 785 salus,
1065 740 1188 798 quae
1236 721 1488 798 suprema
1516 721 1606 779 lex
1645 720 1750 779 effe
1780 720 1977 782 debet,

266 803 330 863 &
364 797 586 875 publica
621 795 813 875 saepius
849 797 1034 878 suadet
1066 797 1287 856 utilitas·

396 949 470 1007 V.
509 948 715 1023 Neque
741 945 907 1004 soliUs
945 948 1184 1005 Politicae
1232 944 1475 1023 profanae
1502 981 1521 1009 ‚
1564 965 1730 1004 merae
1761 950 1826 1007 δε
1871 944 1975 1003 hu·

270 1035 468 1086 manae,
495 1025 782 1097 Sapientiae
821 1023 1138 1086 mundanae,
1173 1039 1265 1080 aut
1304 1021 1608 1098 prudentiae
1645 1024 1819 1079 carnis
1856 1020 1974 1076 haec

269 1100 391 1158 sunt
440 1100 726 1174 principia.
801 1099 954 1156 Deus
989 1098 1216 1173 ipsemet
1251 1098 1387 1156 dum
1422 1097 1696 1171 populum
1728 1095 1974 1154 israeliti-

269 1190 400 1232 eum
448 1174 602 1230 velut
648 1173 1064 1247 Rempublicam
1111 1171 1262 1230 suam
1312 1172 1596 1248 specialem
1648 1173 1875 1247 optimis
1913 1174 1977 1231 8(

269 1247 559 1308 utiliffimis
592 1249 787 1321 utique
816 1248 1029 1322 legibus
1064 1249 1316 1305 instruxit
1362 1265 1423 1304 ac
1458 1250 1723 1310 munivit,
1762 1245 1975 1321 ubique

271 1332 454 1380 tamen
488 1321 704 1378 easdem
740 1320 887 1377 illius
918 1322 1115 1395 populi
1150 1322 1442 1378 materialis
1474 1325 1535 1382 δε
1560 1321 1786 1378 carnalis
1818 1319 1973 1376 durae

273 1399 505 1459 cervici,
528 1394 801 1470 genioque
825 1398 1206 1469 attemperavit
1221 1430 1241 1458 ,
1263 1398 1407 1452 utin
1440 1397 1506 1451 iis
1532 1394 1847 1451 adhucdum
1877 1411 1972 1449 ve-

271 1474 372 1534 luti
404 1473 589 1546 pueris
620 1474 682 1531 &
709 1467 1042 1546 imperfeffis
1079 1469 1241 1543 plura
1274 1469 1615 1531 toleraverit,
1665 1485 1759 1527 aut
1806 1470 1972 1525 etiam

271 1545 577 1612 indulserit,
607 1563 730 1619 quae
763 1543 939 1618 magis
970 1547 1088 1601 im·
1106 1543 1273 1620 quarn
1298 1544 1644 1619 approbavit.
1722 1542 1802 1600 Ita
1819 1542 1973 1599 libel-

269 1623 387 1680 lum
415 1620 634 1695 repudii
663 1637 724 1677 ac
763 1619 1134 1677 divortiorum
1166 1617 1530 1695 frequentiam
1559 1621 1625 1676 iis
1662 1616 1978 1693 permissam

272 1695 429 1755 fuisse
453 1696 482 1753 a
502 1693 698 1769 Moyse
719 1694 793 1752 ob
811 1694 1071 1752 duritiem
1101 1694 1282 1751 cordis
1305 1696 1741 1756 eorum2constat
1752 1710 1974 1769 ‚quam-

276 1772 360 1829 vis
387 1788 454 1828 ex
492 1771 790 1826 intentione
824 1787 886 1827 ac
915 1771 1248 1827 institutione
1279 1769 1481 1826 Divina
1512 1771 1858 1827 matrimonia
1891 1767 1972 1829 in·

273 1845 599 1904 dissolubilia
624 1844 690 1901 ab
715 1846 871 1901 initio
897 1842 1080 1907 fuisse,
1110 1862 1171 1901 ae
1201 1842 1304 1900 effe
1334 1843 1534 1915 debere
1556 1843 1789 1901 affirmet
1813 1842 1974 1903 Chri·

273 1923 383 1982 stus
416 1920 611 1979 Matth.
659 1934 744 1994 19.
819 1918 1193 1994 Polygamiam
1233 1936 1459 1994 quoque
1495 1920 1689 1977 iisdem
1727 1917 1973 1987 indulsit,

273 2014 442 2073 quam
473 2012 656 2053 tamen
688 1993 886 2052 Paulus
929 2009 975 2051 1.
1009 1994 1124 2051 Cor.
1147 2010 1204 2066 7.
1240 1994 1271 2051 a
1297 1993 1492 2050 morali
1558 1997 1777 2056 miore,
1805 2011 1979 2069 quam?

276 2076 333 2130 in
362 2071 682 2130 Christianis
715 2071 913 2144 exigit,
935 2068 1230 2126 abhorrere
1262 2068 1454 2130 docet,
1564 2069 1695 2124 risto
1731 2067 1847 2143 ipso
1882 2087 1974 2128 eo-

276 2146 405 2205 dem
439 2148 497 2203 in
520 2146 645 2202 loco
677 2145 1092 2202 matrimonium
1122 2158 1438 2206 revocante,
1460 2142 1528 2199 ad
1554 2144 1874 2217 primaevam
1893 2148 1974 2202 in.

275 2223 639 2283 stitutionem,
663 2218 772 2295 qua
797 2219 949 2276 Deus
977 2219 1414 2293 monogamiam,
1445 2222 1507 2278 &
1536 2236 1581 2274 ae
1621 2218 1804 2276 ualem
1836 2223 1972 2280 utri„

272 2297 444 2372 usqne
476 2294 725 2369 conjugis
761 2293 1131 2351 conditionem
1149 2293 1511 2351 constituerat.
1641 2311 1800 2370 egem
1824 2294 1972 2352 deni·

274 2390 385 2447 que
413 2370 667 2428 Talionis
697 2368 968 2444 permitit,
1013 2383 1078 2425 ut
1111 2366 1339 2424 oculum
1375 2385 1480 2442 pro
1530 2369 1720 2431 oculo,
1751 2368 1978 2427 dentem

273 2463 380 2525 pro
417 2445 580 2505 dente
613 2461 862 2520 repetere
895 2443 1108 2507 liceret,
1131 2440 1351 2520 eoquod
1379 2444 1597 2520 primus
1621 2444 1973 2576 justitiaggraa

432 2564 434 2567 -
1797 2577 1802 2580 ,
1830 2536 1895 2577 us
