<?xml version="1.0" encoding="UTF-8"?>
<!DOCTYPE html PUBLIC "-//W3C//DTD XHTML 1.0 Transitional//EN"
    "http://www.w3.org/TR/xhtml1/DTD/xhtml1-transitional.dtd">
<html xmlns="http://www.w3.org/1999/xhtml" xml:lang="en" lang="en">
 <head>
  <title>
</title>
<meta http-equiv="Content-Type" content="text/html;charset=utf-8" />
  <meta name='ocr-system' content='tesseract 3.04.00' />
  <meta name='ocr-capabilities' content='ocr_page ocr_carea ocr_par ocr_line ocrx_word'/>
</head>
<body>
  <div class='ocr_page' id='page_1' title='image "./dissertatioprior00bartuoft_0077.png"; bbox 0 0 2144 2852; ppageno 0'>
   <div class='ocr_carea' id='block_1_1' title="bbox 779 190 1949 304">
    <p class='ocr_par' dir='ltr' id='par_1_1' title="bbox 779 190 1949 304">
     <span class='ocr_line' id='line_1_1' title="bbox 779 190 1949 304; baseline -0.011 -23"><span class='ocrx_word' id='word_1_1' title='bbox 779 190 956 281; x_wconf 46' lang='lat' dir='ltr'>5ss⁶⁹&amp;</span> <span class='ocrx_word' id='word_1_2' title='bbox 999 196 1026 276; x_wconf 91' lang='lat'>)</span> <span class='ocrx_word' id='word_1_3' title='bbox 1061 217 1100 259; x_wconf 90' lang='lat'><em>0</em></span> <span class='ocrx_word' id='word_1_4' title='bbox 1135 198 1164 276; x_wconf 94' lang='lat'>(</span> <span class='ocrx_word' id='word_1_5' title='bbox 1208 195 1383 302; x_wconf 72' lang='lat' dir='ltr'>QQ</span> <span class='ocrx_word' id='word_1_6' title='bbox 1854 199 1949 304; x_wconf 63' lang='lat'>633,</span> 
     </span>
    </p>
   </div>
   <div class='ocr_carea' id='block_1_2' title="bbox 214 327 2013 1154">
    <p class='ocr_par' dir='ltr' id='par_1_2' title="bbox 214 327 2013 1154">
     <span class='ocr_line' id='line_1_2' title="bbox 225 327 2013 408; baseline 0.001 -19"><span class='ocrx_word' id='word_1_7' title='bbox 225 328 426 405; x_wconf 77' lang='lat' dir='ltr'>Quid?</span> <span class='ocrx_word' id='word_1_8' title='bbox 466 328 616 408; x_wconf 77' lang='lat' dir='ltr'>quod</span> <span class='ocrx_word' id='word_1_9' title='bbox 653 327 870 388; x_wconf 71' lang='lat' dir='ltr'>admissa</span> <span class='ocrx_word' id='word_1_10' title='bbox 905 330 1065 389; x_wconf 91' lang='lat' dir='ltr'>semel</span> <span class='ocrx_word' id='word_1_11' title='bbox 1097 330 1413 408; x_wconf 86' lang='lat' dir='ltr'>dogmatum</span> <span class='ocrx_word' id='word_1_12' title='bbox 1445 331 1748 407; x_wconf 88' lang='lat' dir='ltr'>aliquorum</span> <span class='ocrx_word' id='word_1_13' title='bbox 1782 348 1934 390; x_wconf 87' lang='lat' dir='ltr'>reve·</span> <span class='ocrx_word' id='word_1_14' title='bbox 2010 364 2013 367; x_wconf 91' lang='lat'><em>-</em></span> 
     </span>
     <span class='ocr_line' id='line_1_3' title="bbox 224 406 1940 481; baseline 0.001 -16"><span class='ocrx_word' id='word_1_15' title='bbox 224 409 458 466; x_wconf 82' lang='lat' dir='ltr'>latorum</span> <span class='ocrx_word' id='word_1_16' title='bbox 483 406 854 481; x_wconf 87' lang='lat' dir='ltr'>repudiatione</span> <span class='ocrx_word' id='word_1_17' title='bbox 881 413 943 469; x_wconf 86' lang='lat'>&amp;</span> <span class='ocrx_word' id='word_1_18' title='bbox 969 411 1277 481; x_wconf 83' lang='lat' dir='ltr'>negatione,</span> <span class='ocrx_word' id='word_1_19' title='bbox 1300 408 1430 466; x_wconf 90' lang='lat' dir='ltr'>illud</span> <span class='ocrx_word' id='word_1_20' title='bbox 1462 406 1615 467; x_wconf 76' lang='lat' dir='ltr'>facile</span> <span class='ocrx_word' id='word_1_21' title='bbox 1639 407 1940 466; x_wconf 56' lang='lat' dir='ltr'>incomm&#39;oa‘</span> 
     </span>
     <span class='ocr_line' id='line_1_4' title="bbox 223 483 1940 560; baseline 0.001 -19"><span class='ocrx_word' id='word_1_22' title='bbox 223 485 278 542; x_wconf 90' lang='lat' dir='ltr'>di</span> <span class='ocrx_word' id='word_1_23' title='bbox 314 484 567 559; x_wconf 87' lang='lat' dir='ltr'>sequetur</span> <span class='ocrx_word' id='word_1_24' title='bbox 591 520 610 546; x_wconf 90' lang='lat'><strong>‚</strong></span> <span class='ocrx_word' id='word_1_25' title='bbox 661 501 722 541; x_wconf 92' lang='lat' dir='ltr'>ut</span> <span class='ocrx_word' id='word_1_26' title='bbox 769 484 1049 558; x_wconf 90' lang='lat' dir='ltr'>imperiosa</span> <span class='ocrx_word' id='word_1_27' title='bbox 1087 486 1247 547; x_wconf 80' lang='lat' dir='ltr'>ratio,</span> <span class='ocrx_word' id='word_1_28' title='bbox 1270 490 1332 546; x_wconf 88' lang='lat'>&amp;</span> <span class='ocrx_word' id='word_1_29' title='bbox 1361 483 1512 542; x_wconf 88' lang='lat' dir='ltr'>fraeni</span> <span class='ocrx_word' id='word_1_30' title='bbox 1549 487 1725 542; x_wconf 87' lang='lat' dir='ltr'>omnis</span> <span class='ocrx_word' id='word_1_31' title='bbox 1764 484 1940 560; x_wconf 87' lang='lat' dir='ltr'>impa·&#39;</span> 
     </span>
     <span class='ocr_line' id='line_1_5' title="bbox 223 559 1938 636; baseline 0 -19"><span class='ocrx_word' id='word_1_32' title='bbox 223 564 358 618; x_wconf 88' lang='lat' dir='ltr'>tiens</span> <span class='ocrx_word' id='word_1_33' title='bbox 386 559 638 635; x_wconf 86' lang='lat' dir='ltr'>opinandi</span> <span class='ocrx_word' id='word_1_34' title='bbox 676 559 877 616; x_wconf 87' lang='lat' dir='ltr'>licentia</span> <span class='ocrx_word' id='word_1_35' title='bbox 908 572 1034 617; x_wconf 88' lang='lat' dir='ltr'>cum</span> <span class='ocrx_word' id='word_1_36' title='bbox 1068 560 1200 623; x_wconf 87' lang='lat' dir='ltr'>illis,</span> <span class='ocrx_word' id='word_1_37' title='bbox 1229 579 1354 636; x_wconf 84' lang='lat' dir='ltr'>quae</span> <span class='ocrx_word' id='word_1_38' title='bbox 1387 563 1642 618; x_wconf 87' lang='lat' dir='ltr'>existimat</span> <span class='ocrx_word' id='word_1_39' title='bbox 1672 578 1780 617; x_wconf 85' lang='lat' dir='ltr'>non</span> <span class='ocrx_word' id='word_1_40' title='bbox 1804 559 1938 617; x_wconf 89' lang='lat' dir='ltr'>fun-&#39;</span> 
     </span>
     <span class='ocr_line' id='line_1_6' title="bbox 220 635 1936 709; baseline -0.001 -16"><span class='ocrx_word' id='word_1_41' title='bbox 220 637 534 693; x_wconf 89' lang='lat' dir='ltr'>damentalia</span> <span class='ocrx_word' id='word_1_42' title='bbox 565 675 580 698; x_wconf 91' lang='lat'>‚</span> <span class='ocrx_word' id='word_1_43' title='bbox 639 637 796 692; x_wconf 89' lang='lat' dir='ltr'>etiam</span> <span class='ocrx_word' id='word_1_44' title='bbox 854 635 1008 709; x_wconf 89' lang='lat' dir='ltr'>plura</span> <span class='ocrx_word' id='word_1_45' title='bbox 1063 635 1158 692; x_wconf 90' lang='lat' dir='ltr'>alia</span> <span class='ocrx_word' id='word_1_46' title='bbox 1210 636 1438 693; x_wconf 78' lang='lat' dir='ltr'>maxime</span> <span class='ocrx_word' id='word_1_47' title='bbox 1489 635 1936 700; x_wconf 76' lang='lat' dir='ltr'>fundamentalia,</span> 
     </span>
     <span class='ocr_line' id='line_1_7' title="bbox 221 709 1933 774; baseline 0.001 -6"><span class='ocrx_word' id='word_1_48' title='bbox 221 711 600 769; x_wconf 86' lang='lat' dir='ltr'>Christianismi</span> <span class='ocrx_word' id='word_1_49' title='bbox 632 709 904 768; x_wconf 73' lang='lat' dir='ltr'>essentialia</span> <span class='ocrx_word' id='word_1_50' title='bbox 925 716 1020 774; x_wconf 72' lang='grc' dir='ltr'>,δε</span> <span class='ocrx_word' id='word_1_51' title='bbox 1053 711 1119 769; x_wconf 91' lang='lat' dir='ltr'>ad</span> <span class='ocrx_word' id='word_1_52' title='bbox 1153 711 1372 769; x_wconf 91' lang='lat' dir='ltr'>salutem</span> <span class='ocrx_word' id='word_1_53' title='bbox 1409 712 1635 768; x_wconf 75' lang='lat' dir='ltr'>maxime</span> <span class='ocrx_word' id='word_1_54' title='bbox 1661 712 1933 770; x_wconf 79' lang='lat' dir='ltr'>necessaria</span> 
     </span>
     <span class='ocr_line' id='line_1_8' title="bbox 218 786 1936 862; baseline 0 -19"><span class='ocrx_word' id='word_1_55' title='bbox 218 787 326 844; x_wconf 83' lang='lat' dir='ltr'>aliis</span> <span class='ocrx_word' id='word_1_56' title='bbox 361 788 494 852; x_wconf 90' lang='lat' dir='ltr'>visa,</span> <span class='ocrx_word' id='word_1_57' title='bbox 527 786 816 862; x_wconf 86' lang='lat' dir='ltr'>praesertim</span> <span class='ocrx_word' id='word_1_58' title='bbox 848 789 903 842; x_wconf 92' lang='lat' dir='ltr'>in</span> <span class='ocrx_word' id='word_1_59' title='bbox 936 804 1074 845; x_wconf 90' lang='lat' dir='ltr'>tanta</span> <span class='ocrx_word' id='word_1_60' title='bbox 1103 787 1321 844; x_wconf 88' lang='lat' dir='ltr'>illorum</span> <span class='ocrx_word' id='word_1_61' title='bbox 1351 787 1749 849; x_wconf 85' lang='lat' dir='ltr'>incertitudine,</span> <span class='ocrx_word' id='word_1_62' title='bbox 1774 792 1835 848; x_wconf 87' lang='lat'>&amp;</span> <span class='ocrx_word' id='word_1_63' title='bbox 1854 788 1936 844; x_wconf 58' lang='lat' dir='ltr'>dia·</span> 
     </span>
     <span class='ocr_line' id='line_1_9' title="bbox 217 861 1932 938; baseline -0.001 -18"><span class='ocrx_word' id='word_1_64' title='bbox 217 863 491 920; x_wconf 82' lang='lat' dir='ltr'>versatum</span> <span class='ocrx_word' id='word_1_65' title='bbox 530 879 611 920; x_wconf 91' lang='lat' dir='ltr'>tot</span> <span class='ocrx_word' id='word_1_66' title='bbox 643 862 903 919; x_wconf 68' lang='lat' dir='ltr'>festarum</span> <span class='ocrx_word' id='word_1_67' title='bbox 945 866 998 920; x_wconf 88' lang='lat' dir='ltr'>in</span> <span class='ocrx_word' id='word_1_68' title='bbox 1027 866 1086 921; x_wconf 92' lang='lat' dir='ltr'>iis</span> <span class='ocrx_word' id='word_1_69' title='bbox 1121 862 1536 921; x_wconf 84' lang='lat' dir='ltr'>determinandis</span> <span class='ocrx_word' id='word_1_70' title='bbox 1568 861 1932 938; x_wconf 74' lang='lat' dir='ltr'>discrepantia,</span> 
     </span>
     <span class='ocr_line' id='line_1_10' title="bbox 219 937 1938 1013; baseline -0.001 -18"><span class='ocrx_word' id='word_1_71' title='bbox 219 939 373 995; x_wconf 87' lang='lat' dir='ltr'>fimul</span> <span class='ocrx_word' id='word_1_72' title='bbox 427 939 663 995; x_wconf 88' lang='lat' dir='ltr'>eliminet</span> <span class='ocrx_word' id='word_1_73' title='bbox 717 955 878 1013; x_wconf 90' lang='lat' dir='ltr'>atque</span> <span class='ocrx_word' id='word_1_74' title='bbox 914 939 1191 1013; x_wconf 86' lang='lat' dir='ltr'>repudiet,</span> <span class='ocrx_word' id='word_1_75' title='bbox 1228 957 1289 997; x_wconf 90' lang='lat' dir='ltr'>ac</span> <span class='ocrx_word' id='word_1_76' title='bbox 1328 938 1551 996; x_wconf 89' lang='lat' dir='ltr'>demum</span> <span class='ocrx_word' id='word_1_77' title='bbox 1589 937 1656 996; x_wconf 89' lang='lat' dir='ltr'>ad</span> <span class='ocrx_word' id='word_1_78' title='bbox 1692 940 1938 1012; x_wconf 80' lang='lat' dir='ltr'>negatio-&#39;</span> 
     </span>
     <span class='ocr_line' id='line_1_11' title="bbox 214 1013 1937 1089; baseline -0.001 -18"><span class='ocrx_word' id='word_1_79' title='bbox 214 1032 339 1071; x_wconf 88' lang='lat' dir='ltr'>nem</span> <span class='ocrx_word' id='word_1_80' title='bbox 375 1013 535 1089; x_wconf 87' lang='lat' dir='ltr'>ipfius</span> <span class='ocrx_word' id='word_1_81' title='bbox 583 1013 900 1072; x_wconf 68' lang='lat' dir='ltr'>sanstiffimae</span> <span class='ocrx_word' id='word_1_82' title='bbox 939 1016 1256 1079; x_wconf 84' lang='lat' dir='ltr'>Trinitatis,</span> <span class='ocrx_word' id='word_1_83' title='bbox 1305 1014 1410 1073; x_wconf 73' lang='lat' dir='ltr'>sola</span> <span class='ocrx_word' id='word_1_84' title='bbox 1447 1015 1549 1072; x_wconf 93' lang='lat' dir='ltr'>Dei</span> <span class='ocrx_word' id='word_1_85' title='bbox 1586 1016 1744 1073; x_wconf 87' lang='lat' dir='ltr'>unius</span> <span class='ocrx_word' id='word_1_86' title='bbox 1781 1014 1937 1089; x_wconf 71' lang='lat' dir='ltr'>agni-&#39;⁵</span> 
     </span>
     <span class='ocr_line' id='line_1_12' title="bbox 215 1089 1930 1154; baseline 0.001 -6"><span class='ocrx_word' id='word_1_87' title='bbox 215 1093 361 1148; x_wconf 91' lang='lat' dir='ltr'>tione</span> <span class='ocrx_word' id='word_1_88' title='bbox 394 1107 678 1154; x_wconf 89' lang='lat' dir='ltr'>contenta,</span> <span class='ocrx_word' id='word_1_89' title='bbox 717 1089 980 1150; x_wconf 82' lang='lat' dir='ltr'>deveniat.</span> <span class='ocrx_word' id='word_1_90' title='bbox 1792 1091 1794 1093; x_wconf 68' lang='grc'>’</span> <span class='ocrx_word' id='word_1_91' title='bbox 1928 1093 1930 1097; x_wconf 77' lang='grc'><strong>’</strong></span> 
     </span>
    </p>
   </div>
   <div class='ocr_carea' id='block_1_3' title="bbox 210 1239 1937 2653">
    <p class='ocr_par' dir='ltr' id='par_1_3' title="bbox 210 1239 1937 2653">
     <span class='ocr_line' id='line_1_13' title="bbox 342 1239 1937 1318; baseline -0.002 -20"><span class='ocrx_word' id='word_1_92' title='bbox 342 1240 484 1299; x_wconf 85' lang='lat' dir='ltr'><strong>VIII.</strong></span> <span class='ocrx_word' id='word_1_93' title='bbox 518 1241 739 1316; x_wconf 87' lang='lat' dir='ltr'>Justum</span> <span class='ocrx_word' id='word_1_94' title='bbox 761 1241 1048 1318; x_wconf 72' lang='lat' dir='ltr'>propterea</span> <span class='ocrx_word' id='word_1_95' title='bbox 1078 1241 1336 1318; x_wconf 82' lang='lat' dir='ltr'>judicium</span> <span class='ocrx_word' id='word_1_96' title='bbox 1358 1244 1501 1316; x_wconf 86' lang='lat' dir='ltr'>pacis</span> <span class='ocrx_word' id='word_1_97' title='bbox 1518 1253 1807 1307; x_wconf 88' lang='lat' dir='ltr'>‚monente</span> <span class='ocrx_word' id='word_1_98' title='bbox 1825 1239 1937 1296; x_wconf 90' lang='lat' dir='ltr'>Za-·</span> 
     </span>
     <span class='ocr_line' id='line_1_14' title="bbox 212 1315 1929 1395; baseline -0.002 -20"><span class='ocrx_word' id='word_1_99' title='bbox 212 1317 356 1375; x_wconf 86' lang='lat' dir='ltr'>char.</span> <span class='ocrx_word' id='word_1_100' title='bbox 380 1317 576 1392; x_wconf 85' lang='lat' dir='ltr'>Proph.</span> <span class='ocrx_word' id='word_1_101' title='bbox 617 1323 816 1395; x_wconf 73' lang='lat' dir='ltr'>Cap.s.‚</span> <span class='ocrx_word' id='word_1_102' title='bbox 841 1319 1076 1394; x_wconf 88' lang='lat' dir='ltr'>judicare</span> <span class='ocrx_word' id='word_1_103' title='bbox 1119 1318 1408 1381; x_wconf 86' lang='lat' dir='ltr'>discamus,</span> <span class='ocrx_word' id='word_1_104' title='bbox 1442 1337 1541 1377; x_wconf 90' lang='lat' dir='ltr'>nec</span> <span class='ocrx_word' id='word_1_105' title='bbox 1590 1318 1744 1375; x_wconf 90' lang='lat' dir='ltr'>nobis</span> <span class='ocrx_word' id='word_1_106' title='bbox 1777 1315 1929 1373; x_wconf 88' lang='lat' dir='ltr'>blan-</span> 
     </span>
     <span class='ocr_line' id='line_1_15' title="bbox 213 1393 1931 1470; baseline -0.003 -20"><span class='ocrx_word' id='word_1_107' title='bbox 213 1393 288 1450; x_wconf 92' lang='lat' dir='ltr'>do</span> <span class='ocrx_word' id='word_1_108' title='bbox 323 1396 464 1467; x_wconf 87' lang='lat' dir='ltr'>pacis</span> <span class='ocrx_word' id='word_1_109' title='bbox 497 1397 743 1458; x_wconf 89' lang='lat' dir='ltr'>nomine,</span> <span class='ocrx_word' id='word_1_110' title='bbox 778 1396 928 1470; x_wconf 92' lang='lat' dir='ltr'>quod</span> <span class='ocrx_word' id='word_1_111' title='bbox 980 1396 1140 1470; x_wconf 88' lang='lat' dir='ltr'>aliqui</span> <span class='ocrx_word' id='word_1_112' title='bbox 1174 1394 1355 1453; x_wconf 90' lang='lat' dir='ltr'>saltem</span> <span class='ocrx_word' id='word_1_113' title='bbox 1389 1397 1442 1451; x_wconf 90' lang='lat' dir='ltr'>in</span> <span class='ocrx_word' id='word_1_114' title='bbox 1478 1412 1574 1452; x_wconf 88' lang='lat' dir='ltr'>ore</span> <span class='ocrx_word' id='word_1_115' title='bbox 1609 1409 1837 1469; x_wconf 84' lang='lat' dir='ltr'>gerunt,</span> <span class='ocrx_word' id='word_1_116' title='bbox 1874 1393 1931 1446; x_wconf 88' lang='lat' dir='ltr'>in·</span> 
     </span>
     <span class='ocr_line' id='line_1_16' title="bbox 213 1470 1928 1546; baseline -0.004 -20"><span class='ocrx_word' id='word_1_117' title='bbox 213 1470 377 1526; x_wconf 89' lang='lat' dir='ltr'>eorde</span> <span class='ocrx_word' id='word_1_118' title='bbox 414 1487 625 1534; x_wconf 87' lang='lat' dir='ltr'>autem,</span> <span class='ocrx_word' id='word_1_119' title='bbox 662 1476 724 1532; x_wconf 85' lang='lat'>&amp;</span> <span class='ocrx_word' id='word_1_120' title='bbox 761 1489 927 1546; x_wconf 89' lang='lat' dir='ltr'>opere</span> <span class='ocrx_word' id='word_1_121' title='bbox 963 1474 1240 1529; x_wconf 88' lang='lat' dir='ltr'>veritatem</span> <span class='ocrx_word' id='word_1_122' title='bbox 1279 1473 1593 1545; x_wconf 89' lang='lat' dir='ltr'>opprimere</span> <span class='ocrx_word' id='word_1_123' title='bbox 1629 1482 1928 1527; x_wconf 85' lang='lat' dir='ltr'>conantur.</span> 
     </span>
     <span class='ocr_line' id='line_1_17' title="bbox 215 1542 1927 1618; baseline -0.002 -19"><span class='ocrx_word' id='word_1_124' title='bbox 215 1547 422 1618; x_wconf 87' lang='lat' dir='ltr'>imponi</span> <span class='ocrx_word' id='word_1_125' title='bbox 459 1549 738 1618; x_wconf 87' lang='lat' dir='ltr'>patiamur.</span> <span class='ocrx_word' id='word_1_126' title='bbox 812 1547 1034 1603; x_wconf 90' lang='lat' dir='ltr'>Nemini</span> <span class='ocrx_word' id='word_1_127' title='bbox 1073 1548 1218 1603; x_wconf 89' lang='lat' dir='ltr'>enim</span> <span class='ocrx_word' id='word_1_128' title='bbox 1255 1545 1342 1600; x_wconf 77' lang='lat' dir='ltr'>hic</span> <span class='ocrx_word' id='word_1_129' title='bbox 1372 1543 1522 1606; x_wconf 91' lang='lat' dir='ltr'>licet,</span> <span class='ocrx_word' id='word_1_130' title='bbox 1553 1542 1812 1599; x_wconf 88' lang='lat' dir='ltr'>charitatis</span> <span class='ocrx_word' id='word_1_131' title='bbox 1846 1542 1927 1595; x_wconf 91' lang='lat' dir='ltr'>in-</span> 
     </span>
     <span class='ocr_line' id='line_1_18' title="bbox 214 1613 1929 1689; baseline -0.003 -13"><span class='ocrx_word' id='word_1_132' title='bbox 214 1621 355 1676; x_wconf 90' lang='lat' dir='ltr'>tuitu</span> <span class='ocrx_word' id='word_1_133' title='bbox 393 1636 521 1676; x_wconf 90' lang='lat' dir='ltr'>cum</span> <span class='ocrx_word' id='word_1_134' title='bbox 554 1623 612 1676; x_wconf 89' lang='lat' dir='ltr'>iis</span> <span class='ocrx_word' id='word_1_135' title='bbox 639 1623 1081 1677; x_wconf 89' lang='lat' dir='ltr'>communionem</span> <span class='ocrx_word' id='word_1_136' title='bbox 1120 1621 1416 1681; x_wconf 85' lang='lat' dir='ltr'>sacrorum,</span> <span class='ocrx_word' id='word_1_137' title='bbox 1442 1616 1814 1689; x_wconf 75' lang='lat' dir='ltr'>unionemque</span> <span class='ocrx_word' id='word_1_138' title='bbox 1838 1613 1929 1671; x_wconf 89' lang='lat' dir='ltr'>ha·</span> 
     </span>
     <span class='ocr_line' id='line_1_19' title="bbox 214 1688 1930 1768; baseline -0.002 -17"><span class='ocrx_word' id='word_1_139' title='bbox 214 1694 372 1755; x_wconf 87' lang='lat' dir='ltr'>bere,</span> <span class='ocrx_word' id='word_1_140' title='bbox 399 1697 494 1768; x_wconf 90' lang='lat' dir='ltr'>qui</span> <span class='ocrx_word' id='word_1_141' title='bbox 530 1696 582 1749; x_wconf 91' lang='lat' dir='ltr'>in</span> <span class='ocrx_word' id='word_1_142' title='bbox 614 1695 695 1751; x_wconf 88' lang='lat' dir='ltr'>his</span> <span class='ocrx_word' id='word_1_143' title='bbox 719 1700 908 1756; x_wconf 89' lang='lat' dir='ltr'>etiam,</span> <span class='ocrx_word' id='word_1_144' title='bbox 929 1693 990 1752; x_wconf 74' lang='lat' dir='ltr'>ut</span> <span class='ocrx_word' id='word_1_145' title='bbox 1027 1696 1201 1767; x_wconf 83' lang='lat' dir='ltr'>ajunt,</span> <span class='ocrx_word' id='word_1_146' title='bbox 1239 1710 1350 1749; x_wconf 86' lang='lat' dir='ltr'>non</span> <span class='ocrx_word' id='word_1_147' title='bbox 1374 1691 1860 1750; x_wconf 79' lang='lat' dir='ltr'>fundamentalibus</span> <span class='ocrx_word' id='word_1_148' title='bbox 1897 1688 1930 1746; x_wconf 60' lang='grc' dir='ltr'>ἃ</span> 
     </span>
     <span class='ocr_line' id='line_1_20' title="bbox 213 1766 1924 1843; baseline -0.004 -16"><span class='ocrx_word' id='word_1_149' title='bbox 213 1770 536 1827; x_wconf 88' lang='lat' dir='ltr'>revelatione</span> <span class='ocrx_word' id='word_1_150' title='bbox 577 1770 769 1825; x_wconf 89' lang='lat' dir='ltr'>Divina</span> <span class='ocrx_word' id='word_1_151' title='bbox 804 1771 919 1825; x_wconf 78' lang='lat' dir='ltr'>satis</span> <span class='ocrx_word' id='word_1_152' title='bbox 964 1768 1231 1843; x_wconf 69' lang='lat' dir='ltr'>propofita</span> <span class='ocrx_word' id='word_1_153' title='bbox 1262 1773 1325 1829; x_wconf 86' lang='lat'>&amp;</span> <span class='ocrx_word' id='word_1_154' title='bbox 1359 1767 1571 1843; x_wconf 70' lang='lat' dir='ltr'>cognita</span> <span class='ocrx_word' id='word_1_155' title='bbox 1606 1766 1924 1827; x_wconf 66' lang='lat' dir='ltr'>dissentiunt,</span> 
     </span>
     <span class='ocr_line' id='line_1_21' title="bbox 212 1842 1924 1920; baseline -0.002 -18"><span class='ocrx_word' id='word_1_156' title='bbox 212 1846 381 1920; x_wconf 89' lang='lat' dir='ltr'>usque</span> <span class='ocrx_word' id='word_1_157' title='bbox 410 1844 571 1907; x_wconf 79' lang='lat' dir='ltr'>adeo,</span> <span class='ocrx_word' id='word_1_158' title='bbox 596 1863 656 1901; x_wconf 90' lang='lat' dir='ltr'>ut</span> <span class='ocrx_word' id='word_1_159' title='bbox 688 1844 824 1919; x_wconf 88' lang='lat' dir='ltr'>ipsos</span> <span class='ocrx_word' id='word_1_160' title='bbox 858 1844 1095 1902; x_wconf 86' lang='lat' dir='ltr'>Ecelefiae</span> <span class='ocrx_word' id='word_1_161' title='bbox 1130 1845 1499 1919; x_wconf 77' lang='lat' dir='ltr'>MagistratuS,</span> <span class='ocrx_word' id='word_1_162' title='bbox 1535 1842 1825 1918; x_wconf 89' lang='lat' dir='ltr'>Episcopos</span> <span class='ocrx_word' id='word_1_163' title='bbox 1860 1847 1924 1903; x_wconf 70' lang='grc' dir='ltr'>ὃς</span> 
     </span>
     <span class='ocr_line' id='line_1_22' title="bbox 213 1916 1923 1995; baseline -0.004 -17"><span class='ocrx_word' id='word_1_164' title='bbox 213 1922 448 1979; x_wconf 69' lang='lat' dir='ltr'>Pastor-es</span> <span class='ocrx_word' id='word_1_165' title='bbox 479 1923 636 1977; x_wconf 86' lang='lat' dir='ltr'>etiam</span> <span class='ocrx_word' id='word_1_166' title='bbox 674 1919 895 1995; x_wconf 65' lang='lat' dir='ltr'>subjesti</span> <span class='ocrx_word' id='word_1_167' title='bbox 941 1920 1136 1995; x_wconf 88' lang='lat' dir='ltr'>poffint</span> <span class='ocrx_word' id='word_1_168' title='bbox 1169 1937 1229 1977; x_wconf 85' lang='lat' dir='ltr'>ac</span> <span class='ocrx_word' id='word_1_169' title='bbox 1268 1919 1497 1992; x_wconf 82' lang='lat' dir='ltr'>debeant</span> <span class='ocrx_word' id='word_1_170' title='bbox 1533 1918 1634 1975; x_wconf 89' lang='lat' dir='ltr'>hac</span> <span class='ocrx_word' id='word_1_171' title='bbox 1669 1918 1738 1974; x_wconf 90' lang='lat' dir='ltr'>de</span> <span class='ocrx_word' id='word_1_172' title='bbox 1772 1916 1923 1974; x_wconf 86' lang='lat' dir='ltr'>causa</span> 
     </span>
     <span class='ocr_line' id='line_1_23' title="bbox 216 1992 1924 2070; baseline -0.004 -16"><span class='ocrx_word' id='word_1_173' title='bbox 216 1995 564 2059; x_wconf 87' lang='lat' dir='ltr'>deserere,ac</span> <span class='ocrx_word' id='word_1_174' title='bbox 595 1996 862 2055; x_wconf 87' lang='lat' dir='ltr'>damnare.</span> <span class='ocrx_word' id='word_1_175' title='bbox 934 1998 1065 2053; x_wconf 90' lang='lat' dir='ltr'>Non</span> <span class='ocrx_word' id='word_1_176' title='bbox 1092 1995 1278 2070; x_wconf 78' lang='lat' dir='ltr'>poffimt</span> <span class='ocrx_word' id='word_1_177' title='bbox 1304 1992 1470 2057; x_wconf 58' lang='lat' dir='ltr'>enim,</span> <span class='ocrx_word' id='word_1_178' title='bbox 1503 1995 1676 2068; x_wconf 88' lang='lat' dir='ltr'>inquit</span> <span class='ocrx_word' id='word_1_179' title='bbox 1709 1994 1761 2050; x_wconf 90' lang='lat' dir='ltr'>S.</span> <span class='ocrx_word' id='word_1_180' title='bbox 1785 1995 1924 2049; x_wconf 91' lang='lat' dir='ltr'>Am-</span> 
     </span>
     <span class='ocr_line' id='line_1_24' title="bbox 210 2067 1929 2147; baseline -0.001 -20"><span class='ocrx_word' id='word_1_181' title='bbox 210 2071 444 2132; x_wconf 75' lang='lat' dir='ltr'>brossus,</span> <span class='ocrx_word' id='word_1_182' title='bbox 474 2074 558 2146; x_wconf 81' lang='lat' dir='ltr'>effl’</span> <span class='ocrx_word' id='word_1_183' title='bbox 588 2073 719 2129; x_wconf 84' lang='lat' dir='ltr'>inter</span> <span class='ocrx_word' id='word_1_184' title='bbox 745 2092 823 2128; x_wconf 84' lang='lat' dir='ltr'>eos</span> <span class='ocrx_word' id='word_1_185' title='bbox 870 2074 978 2128; x_wconf 84' lang='lat' dir='ltr'>&#39;ura</span> <span class='ocrx_word' id='word_1_186' title='bbox 1007 2073 1147 2147; x_wconf 78' lang='lat' dir='ltr'>pacis</span> <span class='ocrx_word' id='word_1_187' title='bbox 1163 2080 1178 2134; x_wconf 51' lang='grc' dir='ltr'><strong><em>ς</em></strong></span> <span class='ocrx_word' id='word_1_188' title='bbox 1192 2072 1333 2127; x_wconf 72' lang='lat' dir='ltr'>¹inter</span> <span class='ocrx_word' id='word_1_189' title='bbox 1364 2089 1482 2146; x_wconf 84' lang='lat' dir='ltr'><em>quos</em></span> <span class='ocrx_word' id='word_1_190' title='bbox 1509 2067 1573 2136; x_wconf 75' lang='lat' dir='ltr'>eli</span> <span class='ocrx_word' id='word_1_191' title='bbox 1598 2068 1765 2125; x_wconf 84' lang='lat' dir='ltr'>bellum</span> <span class='ocrx_word' id='word_1_192' title='bbox 1783 2067 1929 2132; x_wconf 80' lang='lat' dir='ltr'>fidei..&#39;</span> 
     </span>
     <span class='ocr_line' id='line_1_25' title="bbox 211 2142 1921 2221; baseline -0.003 -18"><span class='ocrx_word' id='word_1_193' title='bbox 211 2147 362 2203; x_wconf 88' lang='lat' dir='ltr'>Deus</span> <span class='ocrx_word' id='word_1_194' title='bbox 394 2147 583 2208; x_wconf 87' lang='lat' dir='ltr'>scilicet</span> <span class='ocrx_word' id='word_1_195' title='bbox 614 2166 799 2221; x_wconf 87' lang='lat' dir='ltr'>pacem</span> <span class='ocrx_word' id='word_1_196' title='bbox 848 2166 938 2204; x_wconf 77' lang='lat' dir='ltr'>ine</span> <span class='ocrx_word' id='word_1_197' title='bbox 976 2146 1146 2204; x_wconf 87' lang='lat' dir='ltr'>dubio</span> <span class='ocrx_word' id='word_1_198' title='bbox 1177 2161 1344 2208; x_wconf 88' lang='lat' dir='ltr'>amat,</span> <span class='ocrx_word' id='word_1_199' title='bbox 1386 2145 1485 2201; x_wconf 71' lang='lat' dir='ltr'>sed·</span> <span class='ocrx_word' id='word_1_200' title='bbox 1515 2161 1656 2205; x_wconf 87' lang='lat' dir='ltr'>eam,</span> <span class='ocrx_word' id='word_1_201' title='bbox 1687 2161 1808 2218; x_wconf 85' lang='lat' dir='ltr'>quae</span> <span class='ocrx_word' id='word_1_202' title='bbox 1840 2142 1921 2198; x_wconf 88' lang='lat' dir='ltr'>su·</span> 
     </span>
     <span class='ocr_line' id='line_1_26' title="bbox 214 2217 1921 2297; baseline -0.004 -19"><span class='ocrx_word' id='word_1_203' title='bbox 214 2236 413 2297; x_wconf 83' lang='lat' dir='ltr'>premae</span> <span class='ocrx_word' id='word_1_204' title='bbox 448 2224 562 2296; x_wconf 84' lang='lat' dir='ltr'>ejus</span> <span class='ocrx_word' id='word_1_205' title='bbox 591 2223 897 2279; x_wconf 86' lang='lat' dir='ltr'>authoritati</span> <span class='ocrx_word' id='word_1_206' title='bbox 938 2223 1184 2296; x_wconf 86' lang='lat' dir='ltr'>injuriam</span> <span class='ocrx_word' id='word_1_207' title='bbox 1225 2239 1333 2279; x_wconf 92' lang='lat' dir='ltr'>non</span> <span class='ocrx_word' id='word_1_208' title='bbox 1370 2223 1592 2292; x_wconf 87' lang='lat' dir='ltr'>irrogat,</span> <span class='ocrx_word' id='word_1_209' title='bbox 1625 2222 1686 2279; x_wconf 84' lang='lat'>&amp;</span> <span class='ocrx_word' id='word_1_210' title='bbox 1722 2218 1750 2273; x_wconf 68' lang='lat' dir='ltr'>a</span> <span class='ocrx_word' id='word_1_211' title='bbox 1785 2217 1921 2272; x_wconf 85' lang='lat' dir='ltr'>veri·</span> 
     </span>
     <span class='ocr_line' id='line_1_27' title="bbox 213 2294 1922 2370; baseline -0.004 -15"><span class='ocrx_word' id='word_1_212' title='bbox 213 2313 318 2355; x_wconf 90' lang='lat' dir='ltr'>tate</span> <span class='ocrx_word' id='word_1_213' title='bbox 368 2312 476 2352; x_wconf 90' lang='lat' dir='ltr'>non</span> <span class='ocrx_word' id='word_1_214' title='bbox 527 2297 823 2370; x_wconf 85' lang='lat' dir='ltr'>sejungitur</span> <span class='ocrx_word' id='word_1_215' title='bbox 863 2314 879 2370; x_wconf 84' lang='lat'>3</span> <span class='ocrx_word' id='word_1_216' title='bbox 918 2295 1047 2355; x_wconf 77' lang='lat' dir='ltr'>cum</span> <span class='ocrx_word' id='word_1_217' title='bbox 1097 2316 1209 2355; x_wconf 89' lang='lat' dir='ltr'>non</span> <span class='ocrx_word' id='word_1_218' title='bbox 1256 2294 1434 2354; x_wconf 77' lang='lat' dir='ltr'>minus</span> <span class='ocrx_word' id='word_1_219' title='bbox 1470 2295 1619 2351; x_wconf 88' lang='lat' dir='ltr'>Deus</span> <span class='ocrx_word' id='word_1_220' title='bbox 1662 2294 1922 2355; x_wconf 86' lang='lat' dir='ltr'>veritatis,</span> 
     </span>
     <span class='ocr_line' id='line_1_28' title="bbox 212 2368 1928 2449; baseline -0.003 -20"><span class='ocrx_word' id='word_1_221' title='bbox 212 2371 376 2449; x_wconf 72' lang='lat' dir='ltr'>quam</span> <span class='ocrx_word' id='word_1_222' title='bbox 411 2372 579 2445; x_wconf 89' lang='lat' dir='ltr'>pacis;</span> <span class='ocrx_word' id='word_1_223' title='bbox 607 2388 709 2445; x_wconf 87' lang='lat' dir='ltr'>pax</span> <span class='ocrx_word' id='word_1_224' title='bbox 740 2371 874 2430; x_wconf 73' lang='lat' dir='ltr'>vero</span> <span class='ocrx_word' id='word_1_225' title='bbox 910 2371 939 2428; x_wconf 65' lang='lat' dir='ltr'>a</span> <span class='ocrx_word' id='word_1_226' title='bbox 970 2375 1190 2430; x_wconf 87' lang='lat' dir='ltr'>veritate</span> <span class='ocrx_word' id='word_1_227' title='bbox 1235 2371 1505 2446; x_wconf 86' lang='lat' dir='ltr'>separans,</span> <span class='ocrx_word' id='word_1_228' title='bbox 1539 2368 1631 2426; x_wconf 89' lang='lat' dir='ltr'>ubi</span> <span class='ocrx_word' id='word_1_229' title='bbox 1662 2369 1928 2424; x_wconf 81' lang='lat' dir='ltr'>nimirum</span> 
     </span>
     <span class='ocr_line' id='line_1_29' title="bbox 213 2442 1928 2520; baseline -0.005 -14"><span class='ocrx_word' id='word_1_230' title='bbox 213 2446 526 2520; x_wconf 82' lang='lat' dir='ltr'>consociatio</span> <span class='ocrx_word' id='word_1_231' title='bbox 565 2446 686 2503; x_wconf 88' lang='lat' dir='ltr'>mali</span> <span class='ocrx_word' id='word_1_232' title='bbox 723 2453 784 2508; x_wconf 89' lang='lat'>&amp;</span> <span class='ocrx_word' id='word_1_233' title='bbox 809 2451 1001 2505; x_wconf 89' lang='lat' dir='ltr'>erroris</span> <span class='ocrx_word' id='word_1_234' title='bbox 1035 2450 1226 2510; x_wconf 82' lang='lat' dir='ltr'>initur,</span> <span class='ocrx_word' id='word_1_235' title='bbox 1276 2444 1592 2520; x_wconf 87' lang='lat' dir='ltr'>conspiratio</span> <span class='ocrx_word' id='word_1_236' title='bbox 1627 2448 1689 2504; x_wconf 88' lang='lat'>&amp;</span> <span class='ocrx_word' id='word_1_237' title='bbox 1730 2442 1928 2516; x_wconf 69' lang='lat' dir='ltr'>conju-j</span> 
     </span>
     <span class='ocr_line' id='line_1_30' title="bbox 211 2514 1919 2653; baseline -0.004 -71"><span class='ocrx_word' id='word_1_238' title='bbox 211 2526 343 2583; x_wconf 78' lang='lat' dir='ltr'>tatio</span> <span class='ocrx_word' id='word_1_239' title='bbox 382 2520 561 2600; x_wconf 77' lang='lat' dir='ltr'>potius</span> <span class='ocrx_word' id='word_1_240' title='bbox 596 2520 881 2582; x_wconf 67' lang='lat' dir='ltr'>fcediffima&#39;·</span> <span class='ocrx_word' id='word_1_241' title='bbox 908 2523 1159 2583; x_wconf 86' lang='lat' dir='ltr'>adversus</span> <span class='ocrx_word' id='word_1_242' title='bbox 1206 2522 1388 2603; x_wconf 86' lang='lat' dir='ltr'>Deum</span> <span class='ocrx_word' id='word_1_243' title='bbox 1438 2514 1805 2653; x_wconf 47' lang='lat' dir='ltr'>compellagida</span> <span class='ocrx_word' id='word_1_244' title='bbox 1843 2516 1919 2575; x_wconf 56' lang='lat' dir='ltr'>fit,</span> 
     </span>
    </p>

    <p class='ocr_par' dir='ltr' id='par_1_4' title="bbox 244 2610 1846 2652">
     <span class='ocr_line' id='line_1_31' title="bbox 244 2610 1846 2652; baseline -0.002 4"><span class='ocrx_word' id='word_1_245' title='bbox 244 2610 248 2615; x_wconf 80' lang='grc'>·</span> <span class='ocrx_word' id='word_1_246' title='bbox 340 2636 342 2638; x_wconf 96' lang='grc'>-</span> <span class='ocrx_word' id='word_1_247' title='bbox 1727 2611 1846 2652; x_wconf 85' lang='lat' dir='ltr'>cce·</span> 
     </span>
    </p>
   </div>
  </div>
 </body>
</html>
