2144 2852
216 220 324 290 138
750 209 926 290 53³³&
966 213 996 287 >
1037 230 1075 271 0
1111 210 1140 284 (
1182 210 1368 292 egen&

210 341 478 419 ejusmodi
505 341 671 416 longo
706 341 1021 402 saeculorum
1060 344 1335 403 intervallo
1382 344 1792 411 recentioribus,
1823 359 1917 409 aut

211 420 279 476 ab
315 418 423 475 aliis
457 421 615 476 etiam
672 419 999 495 Synchronis
1033 419 1234 497 absque
1260 438 1483 480 maturo
1519 424 1758 480 examine
1792 441 1920 482 con·

208 495 353 570 gesta
387 494 710 569 probemus,
735 501 796 558 δε
834 514 962 553 vera
1000 512 1289 555 teneamus.
1323 540 1327 545 .
1380 498 1675 555 Neminem
1707 499 1920 557 abster-

206 586 319 627 reat
354 570 503 627 stulta
541 572 889 647 quorundam
928 571 1244 647 simplicium
1273 572 1489 638 levitas,
1528 578 1590 635 &
1628 573 1920 649 superstiti-

205 645 292 703 osa
332 645 614 703 credulitas
643 664 659 719 3
698 647 791 704 ubi
820 648 925 722 ipsa
950 648 1256 706 universalia
1277 649 1517 707 Ecclesiae
1548 649 1756 708 decreta
1792 667 1920 725 pru·

204 722 422 779 dentem
456 721 595 780 circa
632 722 715 780 illa
749 727 987 798 rigorem
1026 743 1085 782 ac
1126 725 1510 782 dubitationem
1549 734 1660 783 non
1709 723 1919 784 tantum

201 800 549 873 permittunt,
586 797 676 856 sed
719 805 782 861 &
819 801 1142 875 approbant,
1178 801 1290 858 imo
1325 804 1603 875 imperant.
1712 801 1922 859 Exami-

200 876 315 931 nari
345 873 430 930 illa
468 872 619 949 prius
647 876 794 940 vult,
822 881 883 937 &
915 876 981 933 eo
1006 877 1229 953 quidem
1263 875 1522 940 mains,
1551 875 1666 950 quo
1699 877 1919 942 insolita,

204 967 265 1007 ac
293 948 554 1024 paradoxa
588 952 758 1027 magls
803 952 1055 1010 videntur
1103 950 1237 1010 fass‘ca
1279 952 1378 1009 illa.
1468 952 1626 1009 Fals1s
1658 953 1766 1025 ipsa
1808 970 1920 1011 non

202 1026 407 1101 indiget
437 1043 452 1083 :
527 1027 701 1084 Novit
733 1025 986 1086 falsorum
1026 1027 1354 1086 assertionem
1386 1031 1542 1086 etiam
1578 1030 1717 1085 veris
1752 1027 1917 1085 fidem

203 1105 478 1163 minuere,
516 1102 627 1159 imo
663 1102 944 1160 detrahere
983 1119 998 1163 :
1038 1104 1185 1162 unde
1218 1105 1333 1162 haec
1368 1103 1502 1161 adeo
1542 1121 1649 1160 non
1686 1101 1915 1167 affeaat,

202 1193 267 1235 ut
299 1174 477 1251 potius
508 1177 862 1242 condemnet,
903 1179 1204 1255 eorumque
1235 1178 1574 1237 fabricatores
1605 1179 1917 1254 graviffimis

201 1254 377 1326 poenis
412 1249 631 1316 afficiat,
670 1252 806 1309 bene
836 1271 1024 1327 gnara,
1059 1256 1211 1329 quod
1253 1275 1313 1313 ea
1342 1254 1518 1313 confin
1560 1273 1651 1310 ere
1685 1256 1915 1328 Aposto÷

202 1327 260 1384 Io
291 1325 455 1383 Paulo
492 1348 531 1383 J.
574 1331 681 1383 Cor.
717 1348 788 1384 ts.
827 1346 884 1383 v.
940 1346 1020 1386 Is.
1075 1330 1219 1385 idem
1271 1331 1359 1393 sit,
1407 1348 1467 1386 ac
1530 1329 1692 1385 alsum
1729 1346 1914 1391 contra

201 1403 384 1460 Deum
426 1403 784 1459 testimonium
826 1400 995 1467 ferre,
1027 1402 1087 1460 ut
1120 1403 1242 1461 scite
1275 1404 1643 1461 animadvertit
1664 1406 1710 1459 S.
1732 1404 1914 1459 Petrus

202 1478 440 1535 Damian.
467 1478 520 1532 in
548 1480 662 1534 vita
691 1480 743 1534 S.
784 1481 978 1536 Domin.
1018 1479 1191 1536 Loric.
1303 1479 1371 1535 Et
1407 1480 1567 1554 fiquis
1610 1481 1766 1535 etiam
1805 1497 1913 1536 ma-

202 1570 367 1628 gnam
411 1551 628 1610 illorum
682 1570 890 1628 partem
948 1555 1209 1612 tribueret
1251 1555 1557 1630 imposturae
1598 1553 1915 1628 hominum-'3

201 1627 501 1686 verosimile
545 1646 722 1686 tamen
757 1646 867 1686 non
899 1631 1004 1692 est,
1026 1633 1164 1688 inter
1203 1646 1425 1688 centum
1459 1629 1749 1704 nequidem
1790 1631 1914 1687 uni«

204 1721 331 1762 cum
364 1701 560 1761 fallacia
590 1704 790 1762 carere.
903 1705 1022 1762 Imo
1056 1722 1235 1763 extant
1273 1709 1411 1763 inter
1443 1707 1740 1763 recentiora
1776 1705 1914 1781 ejus,-

202 1779 385 1844 modi,
423 1796 545 1854 quae
574 1780 659 1837 vel
688 1780 755 1838 ab
795 1780 916 1855 ipsis
948 1782 1393 1840 adversariisnon
1427 1798 1704 1857 negantur.

329 1927 578 1988 XXXIII.
614 1926 784 1986 Porro
817 1946 917 1987 nec
948 1931 1014 1988 ad
1053 1931 1261 2007 singula
1293 1931 1622 2009 particularia
1661 1927 1911 1988 miracula

202 2005 674 2078 adeo-respicitur,
705 2003 870 2080 quam
905 2005 972 2062 ad
1006 2007 1181 2081 ipsum
1217 2008 1349 2065 illud
1386 2009 1593 2066 donum
1629 2003 1911 2063 miraculo-

202 2100 326 2140 rum
361 2083 536 2138 omnis
560 2083 800 2154 generis,
829 2079 981 2155 quod
1005 2083 1058 2136 in
1091 2083 1347 2139 membris
1369 2084 1482 2156 ejus
1503 2079 1770 2142 Ecclesiae,
1786 2096 1911 2154 quae

200 2156 703 2214 incontroversiam
747 2171 996 2218 vocatur,
1026 2155 1274 2228 singulari
1308 2157 1548 2231 quodam
1595 2153 1766 2212 modo
1798 2171 1911 2228 prae

203 2233 457 2290 omnibus
487 2230 595 2288 aliis
617 2230 785 2288 Seffis
813 2230 879 2287 ab
912 2229 1018 2304 ipsa
1039 2230 1216 2288 alienis
1239 2231 1565 2307 resplendet,
1597 2246 1658 2287 ac
1689 2231 1911 2287 univer-

201 2309 288 2365 sali
323 2307 607 2364 hominum
649 2306 1287 2380 existimatione,·publica
1320 2325 1469 2365 -voce
1489 2346 1504 2370 ‚
1534 2307 1814 2364 communi
1846 2310 1909 2367 δε

204 2384 458 2440 constanti
510 2381 847 2456 populorum
893 2377 1072 2443 fama,
1119 2382 1421 2440 continuata
1458 2399 1540 2439 tot
1576 2381 1907 2438 Saeculorum

204 2457 414 2514 historia
449 2457 852 2530 comprobatur.
926 2456 1089 2517 Vera,
1124 2474 1295 2520 certa,
1319 2462 1381 2519 &
1418 2457 1573 2514 firma
1602 2473 1780 2513 manet
1809 2456 1909 2512 Re-

206 2534 333 2607 ligio
361 2537 422 2593 &
453 2531 709 2597 Ecclesia,
745 2530 992 2608 quamvis
1041 2530 1246 2606 singula
1269 2531 1910 2679 'particulariamigalcglae
