2144 2852
227 209 302 279 38
644 261 670 287 a
765 199 937 283 ‹gaff
985 199 1376 284 ὶοεοῇῆϋ

227 333 395 411 'quam
427 336 480 390 in
505 288 952 412 urberfflegreffia
980 336 1082 399 est,
1114 335 1360 394 nondum
1392 333 1585 394 Christi
1613 335 1784 411 palam
1805 344 1931 412 pro-i

229 411 411 469 fitetur
444 409 636 475 fidem,
665 411 767 469 nec
798 412 867 468 de
900 414 1110 468 interno
1146 412 1235 469 illo
1267 412 1478 469 Divinae
1511 415 1689 485 gratiae
1725 410 1932 475 afflatu,

228 505 342 562 quo
379 486 445 542 ad
483 503 600 543 eam
652 487 1076 562 amplestendam
1112 485 1291 554 fuerat
1329 486 1592 560 impulsa,
1638 488 1935 564 quicquam

227 578 618 619 commemorat
680 563 824 636 apud
876 566 1174 637 municipes
1239 563 1361 621 suos
1407 580 1593 619 rerum
1640 564 1934 620 coelestium

226 638 418 698 rudes,
442 641 502 698 &
530 637 772 695 nondum
799 641 981 714 gratiae
1016 637 1326 713 aspiratione
1352 640 1603 695 excitatos
1629 656 1642 697 :
1671 642 1933 695 rationem

227 713 437 771 tantum
484 716 734 786 exponit,
783 733 905 789 quae
942 717 995 770 in
1040 718 1218 771 animo
1269 714 1360 771 suo
1396 712 1517 769 fidei
1562 728 1933 786 praeverterat,

219 791 459 866 ¹quaeque
510 788 900 863 posseteorum
939 806 1147 847 mentes
1186 790 1382 847 eodem
1419 788 1701 852 inclinare,
1735 786 1935 862 nempe

226 864 377 941 quod
412 882 495 920 res
529 863 666 921 clam
699 864 790 921 fibi
817 866 958 923 affilas
991 864 1148 940 Jesus
1182 863 1418 922 novisset.
1509 863 1706 927 Venite,
1734 866 1934 938 inquit,

225 944 293 1008 ἐφ’
329 939 497 997 videte
529 941 785 1003 hominem,
827 943 912 1014 qui
948 941 1077 997 dixit
1112 943 1227 997 mihi
1259 941 1443 1002 omnia,
1478 957 1770 1013 quaecunque
1793 938 1936 1012 feci;

224 1015 452 1091 nunquid
479 1016 575 1090 ipfi’
619 1014 683 1086 est
721 1015 938 1087 Christus
985 1014 1020 1076 ,P
1093 1017 1216 1073 Nec
1253 1015 1367 1091 spes
1403 1032 1518 1070 eam
1568 1013 1657 1071 sua
1692 1012 1937 1071 frustrata

227 1094 344 1165 est3
383 1109 505 1147 narn
544 1090 733 1148 eadem
769 1095 970 1149 ratione
1015 1093 1271 1149 commoti
1308 1086 1552 1165 plerique
1587 1089 1747 1146 fidem
1778 1088 1938 1147 chri.

230 1170 293 1226 sti
333 1168 540 1224 Divinae
579 1169 758 1240 gratiae
799 1164 1057 1224 beneficio
1086 1165 1501 1244 amplexi⁰sunn
1615 1166 1702 1222 Ex
1731 1165 1939 1221 civitate

226 1256 388 1300 autem
419 1240 500 1297 illa
530 1243 670 1297 multi
701 1242 1011 1298 crediderunt
1042 1244 1095 1298 in
1125 1262 1232 1299 eum
1263 1242 1679 1298 Samaritanorum
1697 1281 1712 1303 ,
1735 1253 1939 1315 propter

226 1317 438 1377 verbum
477 1317 694 1373 mulieris
739 1315 1048 1386 testimonium
1078 1317 1395 1393 perhibentis,
1436 1318 1553 1389 quia
1588 1316 1714 1372 dixit
1749 1316 1938 1379 omnia,

229 1411 524 1470 quaecunque
539 1390 660 1468 feci.
734 1393 812 1450 At
840 1391 1001 1448 iidem
1035 1393 1229 1449 deinde
1257 1391 1439 1449 audito
1460 1390 1778 1454 Christo‚&
1806 1393 1860 1445 in
1877 1388 1937 1446 fi-

230 1471 301 1526 de
333 1486 430 1543 per
465 1470 686 1542 gratiam
723 1467 789 1524 ab
829 1485 896 1524 eo
934 1467 1257 1530 confirmati,
1297 1467 1450 1524 velut
1486 1466 1695 1541 ejurant
1727 1466 1941 1522 rationis

230 1544 555 1604 subsidium,
574 1547 636 1603 &
660 1544 866 1601 mulieri
900 1542 1212 1618 significant,
1236 1542 1286 1599 se
1319 1544 1571 1599 certiores
1592 1541 1788 1597 habere
1817 1556 1941 1607 cau.

187 1681 208 1696 ἱ
230 1620 334 1684 sas,
368 1636 482 1677 cur,
503 1617 751 1681 credant,
783 1618 947 1694 quam
980 1619 1307 1694 propositam
1340 1618 1431 1674 sibi
1467 1618 1533 1673 ab
1566 1616 1627 1674 ea
1660 1619 1937 1673 rationem:

233 1696 359 1772 Jam
388 1713 487 1751 non
512 1708 715 1769 propter
744 1707 882 1750 tuam
914 1696 1143 1769 loquelam
1177 1692 1443 1755 credimus,
1464 1691 1550 1767 ipfi
1576 1694 1702 1748 enim
1734 1691 1939 1748 audivi-

229 1791 340 1828 mus·
377 1773 445 1836 (7-
475 1769 683 1837 scimus,
724 1771 841 1844 quia
872 1771 948 1826 hic
976 1768 1040 1838 est
1064 1768 1188 1826 veri?
1222 1771 1459 1826 Salvator
1483 1769 1665 1824 mundi.
1739 1766 1798 1822 ln
1818 1767 1936 1841 qui·

230 1849 335 1904 bus
383 1841 720 1901 manifestum
761 1846 836 1900 est
864 1882 883 1907 ‚
915 1848 1173 1902 rationem
1216 1843 1441 1918 parasse,
1478 1848 1541 1904 &
1585 1839 1936 1916 composuisse

230 1925 471 1979 animum
506 1918 572 1974 ad
608 1918 803 1981 fidem,
834 1919 996 1989 hujus
1035 1919 1316 1976 removisle
1352 1920 1530 1975 obices
1552 1957 1567 1979 ‚
1602 1923 1664 1978 &
1699 1919 1840 1972 viam
1876 1917 1932 1971 in

230 2000 409 2055 animo
441 1994 674 2051 mulieris
695 2032 708 2054 ‚
741 2010 799 2050 ac
841 1993 1135 2050 incolarum
1169 1987 1462 2050 munivisse.
1591 1992 1695 2066 (e)
1733 1991 1935 2065 Neque

231 2073 384 2130 aliam
431 2077 487 2125 in
536 2067 893 2143 perducendis
940 2068 1006 2124 ad
1047 2086 1228 2124 veram
1274 2066 1599 2139 Religionem
1633 2065 1935 2122 infidelibus

231 2152 375 2206 viam
406 2161 695 2204 tenuerunt
720 2143 878 2200 sanE’ti
904 2143 1177 2217 Apostoli,
1196 2159 1358 2214 atque
1391 2142 1774 2215 Apostolorum
1803 2141 1934 2197 Suc·

230 2222 451 2281 cessores
480 2219 761 2295 Episcopi,
810 2219 1021 2281 Patres,
1047 2217 1340 2291 coeterique
1373 2215 1611 2274 Ecclefiae
1645 2215 1934 2274 Catholicae

232 2299 524 2358 Doelzores,
558 2295 721 2371 quam
752 2293 901 2370 quod
929 2311 988 2350 ea
1021 2293 1340 2367 protulerint
1369 2309 1714 2366 argumenta,
1735 2292 1932 2366 quibus

232 2373 527 2450 prudenter
548 2370 844 2433 credibilis,
868 2367 978 2426 imo
1015 2367 1291 2424 evidenter
1324 2368 1585 2424 credibilis
1620 2366 1931 2423 ostendeba-
2022 2394 2028 2398 ·

232 2466 321 2506 tur
352 2447 546 2505 Christi
579 2446 793 2521 Religio.
903 2444 1074 2517 Cujus
1106 2446 1180 2499 rei
1205 2444 1355 2499 testes
1378 2442 1496 2499 sunt
1519 2441 1750 2517 Justae'nus
1773 2443 1930 2496 Mar-

230 2538 326 2594 ζγν.
366 2527 511 2580 Orat.
548 2523 734 2580 exhort.
764 2519 836 2578 ad
852 2532 1026 2593 gentes
1056 2521 1124 2587 ἐφ’
1153 2540 1197 2576 2.
1219 2520 1458 2593 Apologiis
1486 2531 1582 2593 pro
1632 2514 1928 2647 Clurgljanir.

1777 2607 1854 2645 er-
