2144 2852
259 237 337 316 ἐκ
799 224 1414 320 οξὸεὲνμζᾷΰ

232 370 499 445 Αὲειτιρως
534 384 719 427 rerum
765 373 1168 449 temporalium,
1211 373 1552 448 voluptatum
1602 374 1843 448 corporis
1875 372 1968 433 fu·

260 466 329 523 ga
348 452 455 508 &a
476 448 823 520 imperantur.
899 449 1012 506 Has
1041 447 1160 505 sane
1183 447 1520 508 difficultates
1543 466 1644 507 nec
1667 449 1865 508 collatis
1876 453 1966 508 Sa-

257 526 463 599 pientes
489 538 677 579 omnes
709 523 932 581 consiliis
954 564 969 586 ‚
1002 542 1102 581 nec
1136 523 1328 599 junctis
1364 541 1550 582 ornnes
1582 526 1851 599 Principes
1883 528 1966 582 vi-

257 600 408 656 ribus
440 615 501 657 ac
531 599 719 665 armis,
754 598 1006 676 superare
1044 617 1284 677 unquam
1322 617 1616 684 potuerunt
1637 637 1657 666 ‚
1682 617 1774 659 aut
1812 616 1962 677 pote·

256 687 403 734 runo

387 824 483 882 XI.
513 823 869 899 ‘Sed,reje‹‘.’tis
890 825 973 886 his
1001 825 1252 886 omnibus
1272 825 1520 884 humanis
1539 824 1970 891 subfidiis,Chri·‘

258 901 369 959 stus
419 899 528 975 ipse
574 900 868 959 secundom
921 904 1204 960 hominum
1253 904 1686 959 existimationem
1731 904 1969 975 abjectus

257 976 416 1033 Fabri
452 974 619 1039 filius,
655 977 684 1033 ἓ
719 978 1052 1052 Principibus
1083 979 1183 1035 suis
1216 977 1494 1034 damnatus
1527 975 1586 1033 tit
1609 980 1828 1047 impius,
1854 994 1969 1035 tan-

256 1050 498 1126 demque
535 1051 819 1109 crucifixus
845 1054 1034 1128 elegit,
1058 1063 1178 1129 quae
1211 1052 1362 1110 stulta
1391 1052 1509 1110 sunt
1536 1053 1724 1109 mundi
1752 1058 1810 1113 &
1836 1070 1967 1111 con-

258 1125 574 1201 temptibilia
603 1127 695 1201 Ep.
710 1148 748 1183 ι.
767 1130 875 1186 Cor.
895 1149 948 1192 1,
971 1128 1258 1203 Apostolos
1290 1128 1479 1185 scilicet
1510 1146 1739 1185 numero
1762 1127 1965 1185 duode-

257 1204 396 1265 cim,
435 1200 679 1258 homines
725 1202 879 1266 viles,
915 1202 1099 1261 idiotas
1121 1242 1140 1267 ‚
1189 1203 1464 1279 piscatores
1486 1243 1502 1271 ‚
1547 1203 1694 1260 craffi
1728 1209 1790 1264 &
1824 1204 1961 1261 tardi

257 1277 489 1350 ingenii,
522 1274 585 1333 ut
615 1294 680 1333 ex
714 1276 1003 1353 Evangelio
1036 1279 1233 1354 liquet,
1271 1295 1357 1342 et,
1390 1278 1541 1353 quod
1578 1282 1653 1335 rei
1687 1295 1846 1352 caput
1873 1280 1965 1341 est,

258 1350 625 1415 meticulosos,
659 1354 753 1427 qui
790 1371 919 1410 eum
956 1356 1008 1410 in
1042 1354 1281 1429 periculo
1320 1372 1472 1411 metu
1510 1356 1696 1410 mortis
1735 1356 1966 1427 turpiter

260 1423 601 1484 deseruerant
638 1444 655 1501 3
693 1445 802 1484 non
823 1428 939 1486 illos
960 1431 1191 1504 praemiis
1212 1431 1477 1492 excitavit,
1497 1446 1595 1486 nec
1617 1426 1741 1486 falsa
1764 1427 1853 1501 spe
1869 1429 1967 1484 de-

258 1500 399 1563 lusit,
413 1500 846 1575 sedpraemonuit‚
858 1504 987 1561 odio
1008 1501 1221 1562 futuros
1242 1504 1342 1561 effe
1367 1506 1618 1561 omnibus
1641 1503 1968 1566 hominibus,

257 1575 601 1651 flagellandos
619 1582 680 1639 &
703 1595 879 1636 morte
902 1578 1238 1638 afficiendos:
1260 1579 1607 1637 nihilominus
1634 1581 1786 1654 pauci
1806 1578 1875 1635 illi
1901 1583 1964 1640 δε

258 1651 400 1708 viles
424 1651 671 1710 homines
703 1670 887 1712 contra
921 1673 1139 1712 omnem
1179 1654 1358 1730 spem,
1393 1660 1452 1717 &
1477 1653 1540 1712 ἰιῑ
1576 1655 1831 1730 sapientiae
1861 1654 1967 1711 hu-

257 1743 428 1785 manae
455 1727 765 1791 videbatur,
789 1730 991 1788 temere
1017 1736 1079 1792 &
1103 1731 1402 1806 insipienter
1421 1748 1560 1804 opus
1582 1730 1966 1806 praedicationis

258 1801 364 1858 suae
397 1802 619 1876 aggreffi
642 1806 925 1878 ‚ignotum
959 1806 1053 1862 fibi
1094 1806 1284 1863 orbem
1316 1806 1632 1870 lustrarunt,
1664 1811 1725 1867 ὅ(
1759 1806 1966 1880 ubique

258 1885 513 1951 tanquam
538 1876 814 1934 luminaria
834 1881 950 1936 eceli
964 1881 1214 1955 ,expulsis
1236 1899 1483 1938 errorum
1520 1882 1778 1943 tenebris,
1793 1880 1966 1935 Evan-

258 1951 383 2025 gelii
411 1951 588 2023 lucem
625 1951 936 2026 sparserunt.
1043 1958 1306 2013 Vicerunt
1341 1958 1373 2011 ii
1409 1957 1699 2028 pauciffimi
1741 1954 1967 2017 multos,

257 2025 456 2082 infirmi
504 2026 743 2091 validos,
779 2030 1009 2086 inermes
1045 2046 1303 2093 armatos,
1344 2031 1589 2087 ineruditi
1625 2029 1966 2092 doffiffimos,

258 2099 534 2158 infacundi
585 2102 803 2160 disertos
824 2142 840 2167 ,
874 2104 1154 2162 Piscatores
1203 2104 1554 2179 Philosophos
1589 2109 1649 2165 &
1683 2106 1968 2168 Oratores,

260 2176 449 2251 abjeffi
499 2178 793 2251 Tyrannus
844 2183 906 2240 &
954 2180 1302 2253 Imperatores
1349 2197 1366 2251 3
1440 2181 1699 2237 Vicerunt
1747 2179 1967 2236 inauditi

261 2255 498 2309 novitate
531 2253 793 2329 dogmatis
827 2257 1169 2311 inveteratam
1194 2260 1254 2316 &
1287 2272 1400 2312 toto
1431 2271 1692 2312 terrarum
1719 2257 1851 2313 orbe
1881 2272 1963 2311 re-

261 2328 638 2400 ceptiffimam‚
665 2334 725 2390 &
757 2328 1061 2404 Sapientfim
1096 2329 1327 2404 legibus,
1360 2329 1754 2407 hominumque
1799 2332 1962 2387 mori-

261 2402 366 2458 bus
400 2404 700 2460 roboratam
737 2404 1171 2479 superstitionem.
1282 2406 1541 2463 Vicerunt
1569 2424 1665 2480 per
1685 2407 1964 2468 contraria,

261 2477 407 2534 ultro
440 2478 680 2535 volentes
714 2486 772 2540 &
807 2480 1195 2542 libentiffimos,
1224 2481 1424 2537 tametsi
1457 2482 1819 2543 contumeliae,
1849 2482 1963 2536 exi-

259 2550 353 2614 lia,
390 2554 797 2628 proscriptiones
822 2595 840 2619 ,
885 2572 1069 2614 cruces
1099 2592 1119 2621 ‚
1164 2556 1335 2614 statim
1377 2556 1494 2614 illos
1530 2561 1862 2634 exciperent,
1897 2559 1961 2615 &

1767 2645 1887 2689 om-
